

<record>
	<leader>01363njm a2200325 a 4500</leader>
	<controlfield tag="001">REROILS:190</controlfield>
	<controlfield tag="003">RERO</controlfield>
	<controlfield tag="005">20170520090900.0</controlfield>
	<controlfield tag="007">s|</controlfield>
	<controlfield tag="008">150306s2009    xx ||| |  ||||  |  |eng d</controlfield>
	<datafield ind1="0" ind2="2" tag="028">
		<subfield code="a">Monkey MONCD056</subfield>
	</datafield>
	<datafield ind1=" " ind2=" " tag="035">
		<subfield code="a">R008088066</subfield>
	</datafield>
	<datafield ind1=" " ind2="9" tag="039">
		<subfield code="a">201705200909</subfield>
		<subfield code="b">VLOAD</subfield>
		<subfield code="c">201507091358</subfield>
		<subfield code="d">VLOAD</subfield>
		<subfield code="c">201503301821</subfield>
		<subfield code="d">3507</subfield>
		<subfield code="y">201503061106</subfield>
		<subfield code="z">3556</subfield>
	</datafield>
	<datafield ind1=" " ind2=" " tag="040">
		<subfield code="a">RERO necfbv</subfield>
	</datafield>
	<datafield ind1=" " ind2="7" tag="072">
		<subfield code="a">s1mu</subfield>
		<subfield code="2">rero</subfield>
	</datafield>
	<datafield ind1="0" ind2="0" tag="245">
		<subfield code="a">Live in Mumbai /</subfield>
		<subfield code="c">Bauchklang</subfield>
	</datafield>
	<datafield ind1=" " ind2="1" tag="264">
		<subfield code="a">[Lieu de publication non identifié] :</subfield>
		<subfield code="b">Monkey,</subfield>
		<subfield code="c">2009</subfield>
	</datafield>
	<datafield ind1=" " ind2=" " tag="300">
		<subfield code="a">1 disque compact et 1 DVD-vidéo en 1 boîte +</subfield>
		<subfield code="e">1 livret</subfield>
	</datafield>
	<datafield ind1=" " ind2=" " tag="336">
		<subfield code="b">prm</subfield>
		<subfield code="2">rdacontent</subfield>
	</datafield>
	<datafield ind1=" " ind2=" " tag="337">
		<subfield code="b">s</subfield>
		<subfield code="2">rdamedia</subfield>
	</datafield>
	<datafield ind1=" " ind2=" " tag="338">
		<subfield code="b">sd</subfield>
		<subfield code="2">rdacarrier</subfield>
	</datafield>
	<datafield ind1=" " ind2=" " tag="339">
		<subfield code="a">docmaintype_audio</subfield>
		<subfield code="b">docsubtype_music</subfield>
	</datafield>
	<datafield ind1="0" ind2=" " tag="505">
		<subfield code="a">CD: Rhythm of time ; Don't step ; Signs ; Expo ; good oou do (uptempo) - Oizo Diss anymore ; visitor ; Session (feat. Vivek Rajagopalan) ; Create ; Chingari (feat. Shilpa Rao) ; Better day ; Human bees</subfield>
	</datafield>
	<datafield ind1="0" ind2=" " tag="505">
		<subfield code="a">Bonus DVD: Create (Intro) ; Expo ; Good you do (uptempo) - Oizo ; Session (feat. Vivek Rajagopalan) ; Rhythm of time ; Diss anymore ; Human bees ; Chingari (feat. Shilpa Rao)</subfield>
	</datafield>
	<datafield ind1="2" ind2=" " tag="710">
		<subfield code="a">Bauchklang</subfield>
	</datafield>
	<datafield ind1=" " ind2=" " tag="900">
		<subfield code="a">noselfmerge</subfield>
	</datafield>
	<datafield ind1=" " ind2=" " tag="904">
		<subfield code="a">cfvdiscona</subfield>
		<subfield code="b">2015/03</subfield>
		<subfield code="c">12</subfield>
	</datafield>
	<datafield ind1=" " ind2=" " tag="962">
		<subfield code="a">necfbv</subfield>
	</datafield>
	<datafield ind1=" " ind2=" " tag="994">
		<subfield code="a">CFV CD 76.2 BAUC</subfield>
		<subfield code="x">-</subfield>
	</datafield>
</record>