

<record>
	<leader>01468ncm a2200397 a 4500</leader>
	<controlfield tag="001">REROILS:57</controlfield>
	<controlfield tag="003">RERO</controlfield>
	<controlfield tag="005">20191021141100.0</controlfield>
	<controlfield tag="008">960525s1920    xxk|||||| ||||  |  |ger d</controlfield>
	<datafield ind1="2" ind2="2" tag="028">
		<subfield code="a">E.E. 4838</subfield>
	</datafield>
	<datafield ind1="3" ind2="2" tag="028">
		<subfield code="a">EE 1038</subfield>
	</datafield>
	<datafield ind1=" " ind2=" " tag="035">
		<subfield code="a">0140931</subfield>
	</datafield>
	<datafield ind1=" " ind2="9" tag="039">
		<subfield code="a">201910211411</subfield>
		<subfield code="b">6707</subfield>
		<subfield code="c">201705151429</subfield>
		<subfield code="d">VLOAD</subfield>
		<subfield code="c">201703271420</subfield>
		<subfield code="d">VLOAD</subfield>
		<subfield code="c">201605131554</subfield>
		<subfield code="d">VLOAD</subfield>
		<subfield code="y">1999022713360000</subfield>
		<subfield code="z">load</subfield>
	</datafield>
	<datafield ind1=" " ind2=" " tag="040">
		<subfield code="a">RERO</subfield>
	</datafield>
	<datafield ind1=" " ind2="7" tag="072">
		<subfield code="a">s1mu</subfield>
		<subfield code="2">rero</subfield>
	</datafield>
	<datafield ind1="1" ind2=" " tag="100">
		<subfield code="a">Bach, Johann Sebastian</subfield>
		<subfield code="4">cmp</subfield>
	</datafield>
	<datafield ind1="1" ind2="0" tag="245">
		<subfield code="a">Jauchzet Gott in allen Landen :</subfield>
		<subfield code="b">&lt;Dominica 15 post Trinitatis et in ogni Tempo&gt; : Kantate No 51 /</subfield>
		<subfield code="c">von Johann Sebastian Bach ; ed. [...] and with foreword by Arnold Schering</subfield>
	</datafield>
	<datafield ind1=" " ind2="1" tag="264">
		<subfield code="a">London ;</subfield>
		<subfield code="a">Zuerich :</subfield>
		<subfield code="b">E. Eulenburg,</subfield>
		<subfield code="c">[ca 1936]</subfield>
	</datafield>
	<datafield ind1=" " ind2=" " tag="300">
		<subfield code="a">1 partition de poche (IX, 26) p. ;</subfield>
		<subfield code="c">19 cm</subfield>
	</datafield>
	<datafield ind1=" " ind2=" " tag="336">
		<subfield code="b">ntm</subfield>
		<subfield code="2">rdacontent</subfield>
	</datafield>
	<datafield ind1=" " ind2=" " tag="337">
		<subfield code="b">n</subfield>
		<subfield code="2">rdamedia</subfield>
	</datafield>
	<datafield ind1=" " ind2=" " tag="338">
		<subfield code="b">nc</subfield>
		<subfield code="2">rdacarrier</subfield>
	</datafield>
	<datafield ind1=" " ind2=" " tag="339">
		<subfield code="a">docmaintype_score</subfield>
		<subfield code="b">docsubtype_printed_score</subfield>
	</datafield>
	<datafield ind1="1" ind2=" " tag="490">
		<subfield code="a">Eulenburgs kleine Partitur-Ausgabe</subfield>
		<subfield code="v">No 1038</subfield>
	</datafield>
	<datafield ind1="1" ind2=" " tag="700">
		<subfield code="a">Schering, Arnold,</subfield>
		<subfield code="d">1877-1941</subfield>
		<subfield code="4">edt</subfield>
		<subfield code="0">(IDREF)066924502</subfield>
	</datafield>
	<datafield ind1="1" ind2="2" tag="700">
		<subfield code="a">Bach, Johann Sebastian. -</subfield>
		<subfield code="t">Jauchzet Gott in allen Landen</subfield>
	</datafield>
	<datafield ind1=" " ind2="0" tag="830">
		<subfield code="a">Eulenburg's Kleine Orchester-Partitur-Ausgabe</subfield>
		<subfield code="v">1038</subfield>
		<subfield code="w">REROILS:2000000</subfield>
	</datafield>
	<datafield ind1=" " ind2=" " tag="900">
		<subfield code="a">noselfmerge</subfield>
	</datafield>
	<datafield ind1=" " ind2=" " tag="902">
		<subfield code="a">gevbmu</subfield>
		<subfield code="b">2019/10</subfield>
		<subfield code="c">330</subfield>
	</datafield>
	<datafield ind1=" " ind2=" " tag="904">
		<subfield code="a">nencmna</subfield>
		<subfield code="b">2012/02</subfield>
	</datafield>
	<datafield ind1=" " ind2=" " tag="957">
		<subfield code="a">gevbmu</subfield>
	</datafield>
	<datafield ind1=" " ind2=" " tag="962">
		<subfield code="a">nencm-</subfield>
	</datafield>
	<datafield ind1=" " ind2=" " tag="980">
		<subfield code="2">musg</subfield>
		<subfield code="a">Cantate sacrée</subfield>
		<subfield code="d">voix (1S), orchestre</subfield>
		<subfield code="e">1701-1750</subfield>
	</datafield>
	<datafield ind1=" " ind2=" " tag="980">
		<subfield code="2">musi</subfield>
		<subfield code="a">voix (1S), orchestre</subfield>
	</datafield>
	<datafield ind1=" " ind2=" " tag="984">
		<subfield code="2">cdu-nencm</subfield>
		<subfield code="a">(07)783.11BAC3Can51</subfield>
	</datafield>
	<datafield ind1=" " ind2=" " tag="992">
		<subfield code="a">BMU FP 161</subfield>
		<subfield code="x">ge/vbmu/d/2019/d43</subfield>
	</datafield>
</record>