

<record>
	<leader>02075nam a2200625 a 4500</leader>
	<controlfield tag="001">REROILS:233</controlfield>
	<controlfield tag="003">RERO</controlfield>
	<controlfield tag="005">20200120174500.0</controlfield>
	<controlfield tag="008">160318s2017    gw ||| |  ||||00|  |ger d</controlfield>
	<datafield ind1=" " ind2=" " tag="020">
		<subfield code="a">9783825245276</subfield>
	</datafield>
	<datafield ind1=" " ind2=" " tag="035">
		<subfield code="a">R008391688</subfield>
	</datafield>
	<datafield ind1=" " ind2="7" tag="039">
		<subfield code="b">7385</subfield>
	</datafield>
	<datafield ind1=" " ind2="9" tag="039">
		<subfield code="a">202001201745</subfield>
		<subfield code="b">VLOAD</subfield>
		<subfield code="c">201905091158</subfield>
		<subfield code="d">AUTHORITY</subfield>
		<subfield code="c">201809171751</subfield>
		<subfield code="d">0123</subfield>
		<subfield code="c">201808230954</subfield>
		<subfield code="d">0123</subfield>
		<subfield code="y">201603181434</subfield>
		<subfield code="z">7374</subfield>
	</datafield>
	<datafield ind1=" " ind2=" " tag="040">
		<subfield code="a">GWDNB</subfield>
		<subfield code="d">RERO geulal</subfield>
	</datafield>
	<datafield ind1=" " ind2="7" tag="072">
		<subfield code="a">s1al</subfield>
		<subfield code="2">rero</subfield>
	</datafield>
	<datafield ind1="1" ind2=" " tag="100">
		<subfield code="a">Kessel, Katja</subfield>
		<subfield code="4">cre</subfield>
		<subfield code="0">(IDREF)095969314</subfield>
	</datafield>
	<datafield ind1="1" ind2="0" tag="245">
		<subfield code="a">Basiswissen deutsche Gegenwartssprache /</subfield>
		<subfield code="c">Katja Kessel, Sandra Reimann</subfield>
	</datafield>
	<datafield ind1=" " ind2=" " tag="250">
		<subfield code="a">5., überarb. und erw. Aufl.</subfield>
	</datafield>
	<datafield ind1=" " ind2="1" tag="264">
		<subfield code="a">Tübingen :</subfield>
		<subfield code="b">A. Francke Verlag,</subfield>
		<subfield code="c">2017</subfield>
	</datafield>
	<datafield ind1=" " ind2=" " tag="300">
		<subfield code="a">351 S. :</subfield>
		<subfield code="b">zahlr. Darstellungen und Tabellen</subfield>
	</datafield>
	<datafield ind1=" " ind2=" " tag="336">
		<subfield code="b">txt</subfield>
		<subfield code="2">rdacontent</subfield>
	</datafield>
	<datafield ind1=" " ind2=" " tag="337">
		<subfield code="b">n</subfield>
		<subfield code="2">rdamedia</subfield>
	</datafield>
	<datafield ind1=" " ind2=" " tag="338">
		<subfield code="b">nc</subfield>
		<subfield code="2">rdacarrier</subfield>
	</datafield>
	<datafield ind1=" " ind2=" " tag="339">
		<subfield code="a">docmaintype_book</subfield>
		<subfield code="b">docsubtype_other_book</subfield>
	</datafield>
	<datafield ind1="1" ind2=" " tag="490">
		<subfield code="a">utb</subfield>
		<subfield code="v">2704</subfield>
	</datafield>
	<datafield ind1=" " ind2="7" tag="650">
		<subfield code="a">Syntaxe</subfield>
		<subfield code="2">rero</subfield>
	</datafield>
	<datafield ind1=" " ind2="7" tag="650">
		<subfield code="a">Locutions</subfield>
		<subfield code="2">rero</subfield>
	</datafield>
	<datafield ind1=" " ind2="7" tag="650">
		<subfield code="a">Flexion (linguistique)</subfield>
		<subfield code="2">rero</subfield>
	</datafield>
	<datafield ind1=" " ind2="7" tag="650">
		<subfield code="a">Formation des mots</subfield>
		<subfield code="2">rero</subfield>
	</datafield>
	<datafield ind1=" " ind2="7" tag="650">
		<subfield code="a">Langue parlée</subfield>
		<subfield code="2">rero</subfield>
	</datafield>
	<datafield ind1=" " ind2="7" tag="650">
		<subfield code="a">Sémantique</subfield>
		<subfield code="2">rero</subfield>
	</datafield>
	<datafield ind1=" " ind2="7" tag="650">
		<subfield code="a">Phonologie</subfield>
		<subfield code="2">rero</subfield>
	</datafield>
	<datafield ind1=" " ind2="7" tag="650">
		<subfield code="a">Phonétique</subfield>
		<subfield code="2">rero</subfield>
	</datafield>
	<datafield ind1=" " ind2="7" tag="650">
		<subfield code="a">Écriture</subfield>
		<subfield code="2">rero</subfield>
	</datafield>
	<datafield ind1=" " ind2="7" tag="650">
		<subfield code="a">Pragmatique</subfield>
		<subfield code="2">rero</subfield>
	</datafield>
	<datafield ind1=" " ind2="7" tag="650">
		<subfield code="a">Grammaire</subfield>
		<subfield code="2">rero</subfield>
	</datafield>
	<datafield ind1=" " ind2="7" tag="650">
		<subfield code="a">Stylistique</subfield>
		<subfield code="2">rero</subfield>
	</datafield>
	<datafield ind1=" " ind2="7" tag="650">
		<subfield code="a">Allemand (langue)</subfield>
		<subfield code="2">rero</subfield>
	</datafield>
	<datafield ind1="1" ind2=" " tag="700">
		<subfield code="a">Reimann, Sandra</subfield>
		<subfield code="0">(IDREF)095969357</subfield>
	</datafield>
	<datafield ind1=" " ind2="0" tag="830">
		<subfield code="a">UTB für Wissenschaft : Uni-Taschenbücher</subfield>
		<subfield code="v">2704</subfield>
		<subfield code="w">REROILS:138</subfield>
	</datafield>
	<datafield ind1=" " ind2="1" tag="900">
		<subfield code="a">IDS-BSBE</subfield>
		<subfield code="b">20160318</subfield>
		<subfield code="c">Droits réservés</subfield>
	</datafield>
	<datafield ind1=" " ind2=" " tag="900">
		<subfield code="a">noselfmerge</subfield>
	</datafield>
	<datafield ind1=" " ind2=" " tag="901">
		<subfield code="a">LAR BLL</subfield>
		<subfield code="b">2018/09</subfield>
		<subfield code="c">SPGA</subfield>
		<subfield code="c">cdd410</subfield>
	</datafield>
	<datafield ind1=" " ind2=" " tag="902">
		<subfield code="a">geulal</subfield>
		<subfield code="b">2017/10</subfield>
	</datafield>
	<datafield ind1=" " ind2=" " tag="919">
		<subfield code="a">(Produktform)Paperback / softback</subfield>
	</datafield>
	<datafield ind1=" " ind2=" " tag="919">
		<subfield code="a">(VLB-WN)2561: Taschenbuch / Sprachwissenschaft, Literaturwissenschaft/Allgemeine und Vergleichende Sprachwissenschaft</subfield>
	</datafield>
	<datafield ind1=" " ind2=" " tag="919">
		<subfield code="a">(Zielgruppe)Einzelne Sprachen &amp; Sprachfamilien ; Grammatik, Syntax, Morphologie</subfield>
	</datafield>
	<datafield ind1=" " ind2=" " tag="919">
		<subfield code="a">Deutsch</subfield>
	</datafield>
	<datafield ind1=" " ind2=" " tag="919">
		<subfield code="a">deutsche Gegenwartssprache</subfield>
	</datafield>
	<datafield ind1=" " ind2=" " tag="919">
		<subfield code="a">Germanistik</subfield>
	</datafield>
	<datafield ind1=" " ind2=" " tag="930">
		<subfield code="a">(IDS-BSBE) 006484934</subfield>
	</datafield>
	<datafield ind1=" " ind2=" " tag="956">
		<subfield code="a">frbcuc</subfield>
	</datafield>
	<datafield ind1=" " ind2=" " tag="957">
		<subfield code="a">geulal</subfield>
	</datafield>
	<datafield ind1=" " ind2=" " tag="981">
		<subfield code="2">SPGA</subfield>
		<subfield code="a">PB</subfield>
	</datafield>
	<datafield ind1=" " ind2=" " tag="982">
		<subfield code="2">ge-ulal</subfield>
		<subfield code="a">L/A 1*KESS Bas dg</subfield>
	</datafield>
</record>