

<record>
	<leader>01107nam a2200373 a 4500</leader>
	<controlfield tag="001">REROILS:215</controlfield>
	<controlfield tag="003">RERO</controlfield>
	<controlfield tag="005">20200710194400.0</controlfield>
	<controlfield tag="008">000916s2000    sz |||||| ||||00|  |ger d</controlfield>
	<datafield ind1=" " ind2=" " tag="020">
		<subfield code="a">9783857645211</subfield>
	</datafield>
	<datafield ind1=" " ind2=" " tag="035">
		<subfield code="a">R267082060</subfield>
	</datafield>
	<datafield ind1=" " ind2=" " tag="039">
		<subfield code="b">0021</subfield>
		<subfield code="b">0113i</subfield>
	</datafield>
	<datafield ind1=" " ind2="9" tag="039">
		<subfield code="a">202007101944</subfield>
		<subfield code="b">VLOAD</subfield>
		<subfield code="c">201807031507</subfield>
		<subfield code="d">VLOAD</subfield>
		<subfield code="c">201706111116</subfield>
		<subfield code="d">VLOAD</subfield>
		<subfield code="c">200812210820</subfield>
		<subfield code="d">VLOAD</subfield>
		<subfield code="y">200009161918</subfield>
		<subfield code="z">VLOAD</subfield>
	</datafield>
	<datafield ind1=" " ind2=" " tag="040">
		<subfield code="a">RERO frbcuc</subfield>
	</datafield>
	<datafield ind1=" " ind2=" " tag="044">
		<subfield code="a">sz</subfield>
		<subfield code="c">ch-fr</subfield>
	</datafield>
	<datafield ind1=" " ind2="7" tag="072">
		<subfield code="a">s1th</subfield>
		<subfield code="2">rero</subfield>
	</datafield>
	<datafield ind1="1" ind2=" " tag="100">
		<subfield code="a">Abeln, Reinhard,</subfield>
		<subfield code="d">1938-</subfield>
		<subfield code="4">cre</subfield>
		<subfield code="0">(IDREF)151179786</subfield>
	</datafield>
	<datafield ind1="1" ind2="0" tag="245">
		<subfield code="a">Schenk Liebe ... und dein Leben hat einen Sinn /</subfield>
		<subfield code="c">Reinhard Abeln, Anton Kner</subfield>
	</datafield>
	<datafield ind1=" " ind2="1" tag="264">
		<subfield code="a">Freiburg Schweiz :</subfield>
		<subfield code="b">Kanisius Verl.,</subfield>
		<subfield code="c">[2000]</subfield>
	</datafield>
	<datafield ind1=" " ind2="3" tag="264">
		<subfield code="a">Freiburg Schweiz :</subfield>
		<subfield code="b">Kanisiusdruck.</subfield>
	</datafield>
	<datafield ind1=" " ind2="4" tag="264">
		<subfield code="c">© 2000</subfield>
	</datafield>
	<datafield ind1=" " ind2=" " tag="300">
		<subfield code="a">32 S. ;</subfield>
		<subfield code="c">17 cm</subfield>
	</datafield>
	<datafield ind1=" " ind2=" " tag="336">
		<subfield code="b">txt</subfield>
		<subfield code="2">rdacontent</subfield>
	</datafield>
	<datafield ind1=" " ind2=" " tag="337">
		<subfield code="b">n</subfield>
		<subfield code="2">rdamedia</subfield>
	</datafield>
	<datafield ind1=" " ind2=" " tag="338">
		<subfield code="b">nc</subfield>
		<subfield code="2">rdacarrier</subfield>
	</datafield>
	<datafield ind1=" " ind2=" " tag="339">
		<subfield code="a">docmaintype_book</subfield>
		<subfield code="b">docsubtype_other_book</subfield>
	</datafield>
	<datafield ind1=" " ind2="7" tag="650">
		<subfield code="a">Amour</subfield>
		<subfield code="2">rero</subfield>
	</datafield>
	<datafield ind1=" " ind2="7" tag="650">
		<subfield code="a">Don</subfield>
		<subfield code="2">rero</subfield>
	</datafield>
	<datafield ind1=" " ind2="7" tag="650">
		<subfield code="a">Gratitude</subfield>
		<subfield code="2">rero</subfield>
	</datafield>
	<datafield ind1="1" ind2=" " tag="700">
		<subfield code="a">Kner, Anton,</subfield>
		<subfield code="d">1911-2003</subfield>
		<subfield code="0">(IDREF)244024073</subfield>
	</datafield>
	<datafield ind1=" " ind2=" " tag="900">
		<subfield code="a">noselfmerge</subfield>
	</datafield>
	<datafield ind1=" " ind2=" " tag="901">
		<subfield code="a">frimp</subfield>
	</datafield>
	<datafield ind1=" " ind2=" " tag="919">
		<subfield code="9">650 _7</subfield>
		<subfield code="a">amour</subfield>
		<subfield code="x">don</subfield>
		<subfield code="x">gratitude</subfield>
		<subfield code="2">chrero</subfield>
	</datafield>
	<datafield ind1=" " ind2=" " tag="956">
		<subfield code="a">frbcuc</subfield>
	</datafield>
</record>