

<record>
	<leader>00765nas a2200265 a 4500</leader>
	<controlfield tag="001">REROILS:65</controlfield>
	<controlfield tag="003">RERO</controlfield>
	<controlfield tag="005">20200624142100.0</controlfield>
	<controlfield tag="008">160615c20149999fr |||p|  ||||0 |  0fre d</controlfield>
	<datafield ind1=" " ind2=" " tag="022">
		<subfield code="a">2274-1925</subfield>
	</datafield>
	<datafield ind1=" " ind2=" " tag="035">
		<subfield code="a">R008447499</subfield>
	</datafield>
	<datafield ind1=" " ind2="9" tag="039">
		<subfield code="a">202006241421</subfield>
		<subfield code="b">1072</subfield>
		<subfield code="c">202006241405</subfield>
		<subfield code="d">1072</subfield>
		<subfield code="c">201907051314</subfield>
		<subfield code="d">VLOAD</subfield>
		<subfield code="c">201707311009</subfield>
		<subfield code="d">1072</subfield>
		<subfield code="y">201606150910</subfield>
		<subfield code="z">8475</subfield>
	</datafield>
	<datafield ind1=" " ind2=" " tag="040">
		<subfield code="a">RERO vdgla-</subfield>
	</datafield>
	<datafield ind1=" " ind2="7" tag="072">
		<subfield code="a">s1ps</subfield>
		<subfield code="2">vsbcce</subfield>
	</datafield>
	<datafield ind1="0" ind2="0" tag="245">
		<subfield code="a">Happinez :</subfield>
		<subfield code="b">le premier mindstyle magazine</subfield>
	</datafield>
	<datafield ind1=" " ind2="1" tag="264">
		<subfield code="a">Paris :</subfield>
		<subfield code="b">Happinez/Oracom</subfield>
	</datafield>
	<datafield ind1=" " ind2=" " tag="310">
		<subfield code="a">Bimestriel</subfield>
	</datafield>
	<datafield ind1=" " ind2=" " tag="336">
		<subfield code="b">txt</subfield>
		<subfield code="2">rdacontent</subfield>
	</datafield>
	<datafield ind1=" " ind2=" " tag="337">
		<subfield code="b">n</subfield>
		<subfield code="2">rdamedia</subfield>
	</datafield>
	<datafield ind1=" " ind2=" " tag="338">
		<subfield code="b">nc</subfield>
		<subfield code="2">rdacarrier</subfield>
	</datafield>
	<datafield ind1=" " ind2=" " tag="339">
		<subfield code="a">docmaintype_serial</subfield>
	</datafield>
	<datafield ind1="0" ind2=" " tag="362">
		<subfield code="a">No 1(janvier-février 2014)-</subfield>
	</datafield>
	<datafield ind1=" " ind2=" " tag="900">
		<subfield code="a">noselfmerge</subfield>
	</datafield>
	<datafield ind1=" " ind2=" " tag="973">
		<subfield code="a">vstroi vsbcce</subfield>
	</datafield>
	<datafield ind1=" " ind2=" " tag="986">
		<subfield code="2">cdu-vstroi</subfield>
		<subfield code="a">HAPP</subfield>
	</datafield>
</record>