

<record>
	<leader>01186nam a2200373 a 4500</leader>
	<controlfield tag="001">REROILS:125</controlfield>
	<controlfield tag="003">RERO</controlfield>
	<controlfield tag="005">20200430174400.0</controlfield>
	<controlfield tag="008">000922s1997    gw |||||| ||||00|  |ger d</controlfield>
	<datafield ind1=" " ind2=" " tag="020">
		<subfield code="a">9783406374111</subfield>
	</datafield>
	<datafield ind1=" " ind2=" " tag="035">
		<subfield code="a">R271362460</subfield>
	</datafield>
	<datafield ind1=" " ind2=" " tag="039">
		<subfield code="b">0011</subfield>
		<subfield code="b">0126i</subfield>
	</datafield>
	<datafield ind1=" " ind2="9" tag="039">
		<subfield code="a">202004301744</subfield>
		<subfield code="b">AUTHORITY</subfield>
		<subfield code="c">201808281311</subfield>
		<subfield code="d">VLOAD</subfield>
		<subfield code="c">201706111229</subfield>
		<subfield code="d">VLOAD</subfield>
		<subfield code="c">200812210824</subfield>
		<subfield code="d">VLOAD</subfield>
		<subfield code="y">200009222032</subfield>
		<subfield code="z">VLOAD</subfield>
	</datafield>
	<datafield ind1=" " ind2=" " tag="040">
		<subfield code="a">RERO frbcuc</subfield>
	</datafield>
	<datafield ind1=" " ind2="7" tag="072">
		<subfield code="a">s1td</subfield>
		<subfield code="2">rero</subfield>
	</datafield>
	<datafield ind1="1" ind2=" " tag="100">
		<subfield code="a">Böttiger, Helmut,</subfield>
		<subfield code="d">1956-</subfield>
		<subfield code="4">cre</subfield>
		<subfield code="0">(IDREF)071047557</subfield>
	</datafield>
	<datafield ind1="1" ind2="0" tag="245">
		<subfield code="a">Kein Mann, kein Schuss, kein Tor :</subfield>
		<subfield code="b">das Drama des deutschen Fussballs /</subfield>
		<subfield code="c">Helmut Böttiger</subfield>
	</datafield>
	<datafield ind1=" " ind2=" " tag="250">
		<subfield code="a">[2., erw. und aktualisierte Aufl.]</subfield>
	</datafield>
	<datafield ind1=" " ind2="1" tag="264">
		<subfield code="a">München :</subfield>
		<subfield code="b">C.H. Beck,</subfield>
		<subfield code="c">1997</subfield>
	</datafield>
	<datafield ind1=" " ind2=" " tag="300">
		<subfield code="a">215 S. :</subfield>
		<subfield code="b">Ill. ;</subfield>
		<subfield code="c">18 cm</subfield>
	</datafield>
	<datafield ind1=" " ind2=" " tag="336">
		<subfield code="b">txt</subfield>
		<subfield code="2">rdacontent</subfield>
	</datafield>
	<datafield ind1=" " ind2=" " tag="337">
		<subfield code="b">n</subfield>
		<subfield code="2">rdamedia</subfield>
	</datafield>
	<datafield ind1=" " ind2=" " tag="338">
		<subfield code="b">nc</subfield>
		<subfield code="2">rdacarrier</subfield>
	</datafield>
	<datafield ind1=" " ind2=" " tag="339">
		<subfield code="a">docmaintype_book</subfield>
		<subfield code="b">docsubtype_other_book</subfield>
	</datafield>
	<datafield ind1="1" ind2=" " tag="490">
		<subfield code="a">Beck'sche Reihe</subfield>
		<subfield code="v">1021</subfield>
	</datafield>
	<datafield ind1=" " ind2="7" tag="650">
		<subfield code="a">Football</subfield>
		<subfield code="2">rero</subfield>
	</datafield>
	<datafield ind1=" " ind2="7" tag="650">
		<subfield code="a">Identité collective</subfield>
		<subfield code="2">rero</subfield>
	</datafield>
	<datafield ind1=" " ind2="7" tag="651">
		<subfield code="a">Allemagne</subfield>
		<subfield code="2">rero</subfield>
	</datafield>
	<datafield ind1=" " ind2="0" tag="830">
		<subfield code="a">Beck'sche Reihe</subfield>
		<subfield code="v">1021</subfield>
		<subfield code="w">REROILS:2000002</subfield>
	</datafield>
	<datafield ind1=" " ind2=" " tag="900">
		<subfield code="a">noselfmerge</subfield>
	</datafield>
	<datafield ind1=" " ind2=" " tag="901">
		<subfield code="a">LAR BLE</subfield>
		<subfield code="b">2000/06</subfield>
		<subfield code="c">DAF</subfield>
	</datafield>
	<datafield ind1=" " ind2=" " tag="919">
		<subfield code="9">650 _7</subfield>
		<subfield code="a">football</subfield>
		<subfield code="x">identité culturelle</subfield>
		<subfield code="z">Allemagne</subfield>
		<subfield code="2">chrero</subfield>
	</datafield>
	<datafield ind1=" " ind2=" " tag="956">
		<subfield code="a">frbcuc</subfield>
	</datafield>
	<datafield ind1=" " ind2=" " tag="981">
		<subfield code="2">DAF</subfield>
		<subfield code="a">GD</subfield>
	</datafield>
</record>