

<record>
	<leader>01026naa a2200289 a 4500</leader>
	<controlfield tag="001">REROILS:28</controlfield>
	<controlfield tag="003">RERO</controlfield>
	<controlfield tag="005">20200711100700.0</controlfield>
	<controlfield tag="008">100526s1861    au ||| |  ||||01|  |ger d</controlfield>
	<datafield ind1=" " ind2=" " tag="035">
		<subfield code="a">R005452827</subfield>
	</datafield>
	<datafield ind1=" " ind2="9" tag="039">
		<subfield code="a">202007111007</subfield>
		<subfield code="b">VLOAD</subfield>
		<subfield code="c">201803291653</subfield>
		<subfield code="d">VLOAD</subfield>
		<subfield code="c">201801271428</subfield>
		<subfield code="d">VLOAD</subfield>
		<subfield code="c">201705291908</subfield>
		<subfield code="d">VLOAD</subfield>
		<subfield code="y">201005260755</subfield>
		<subfield code="z">Medea03</subfield>
	</datafield>
	<datafield ind1=" " ind2=" " tag="040">
		<subfield code="a">RERO frbcuc</subfield>
	</datafield>
	<datafield ind1=" " ind2="7" tag="072">
		<subfield code="a">s1ht</subfield>
		<subfield code="2">rero</subfield>
	</datafield>
	<datafield ind1="1" ind2=" " tag="100">
		<subfield code="a">Arndts von Arnesberg, Karl Ludwig,</subfield>
		<subfield code="d">1803-1878</subfield>
		<subfield code="4">cre</subfield>
		<subfield code="0">(IDREF)073311855</subfield>
	</datafield>
	<datafield ind1="1" ind2="0" tag="245">
		<subfield code="a">Rede zur Feier des Andenkens an Friedrich Karl von Savigny ... am 31. Oktober 1861 /</subfield>
		<subfield code="c">gehalten von Dr. Arndts</subfield>
	</datafield>
	<datafield ind1=" " ind2="1" tag="264">
		<subfield code="a">[Wien] :</subfield>
		<subfield code="b">[éditeur non identifié],</subfield>
		<subfield code="c">[1861]</subfield>
	</datafield>
	<datafield ind1=" " ind2=" " tag="300">
		<subfield code="a">21 S.</subfield>
	</datafield>
	<datafield ind1=" " ind2=" " tag="336">
		<subfield code="b">txt</subfield>
		<subfield code="2">rdacontent</subfield>
	</datafield>
	<datafield ind1=" " ind2=" " tag="337">
		<subfield code="b">n</subfield>
		<subfield code="2">rdamedia</subfield>
	</datafield>
	<datafield ind1=" " ind2=" " tag="338">
		<subfield code="b">nc</subfield>
		<subfield code="2">rdacarrier</subfield>
	</datafield>
	<datafield ind1=" " ind2=" " tag="339">
		<subfield code="a">docmaintype_article</subfield>
	</datafield>
	<datafield ind1=" " ind2=" " tag="500">
		<subfield code="a">Aus: K. Wiener Zeitung</subfield>
	</datafield>
	<datafield ind1="1" ind2=" " tag="700">
		<subfield code="a">Savigny, Friedrich Karl von</subfield>
		<subfield code="0">(IDREF)031601375</subfield>
	</datafield>
	<datafield ind1=" " ind2=" " tag="900">
		<subfield code="a">noselfmerge</subfield>
	</datafield>
	<datafield ind1=" " ind2=" " tag="901">
		<subfield code="a">recatfr01</subfield>
	</datafield>
	<datafield ind1=" " ind2=" " tag="956">
		<subfield code="a">frbcuc</subfield>
	</datafield>
</record>