

<record>
	<leader>01111naa a2200301 a 4500</leader>
	<controlfield tag="001">REROILS:231</controlfield>
	<controlfield tag="003">RERO</controlfield>
	<controlfield tag="005">20171127203600.0</controlfield>
	<controlfield tag="008">971022 1970    sz ||| |  ||||00|  |ger d</controlfield>
	<datafield ind1=" " ind2=" " tag="019">
		<subfield code="a">Attention champ 933 issu de la migration d'Alexandria à conserver temporairement</subfield>
		<subfield code="9">iftfla/12.2009</subfield>
		<subfield code="5">alexrero</subfield>
	</datafield>
	<datafield ind1=" " ind2=" " tag="019">
		<subfield code="a">Notice issue de la migration Alexandria</subfield>
		<subfield code="9">iftfla/12.2009</subfield>
	</datafield>
	<datafield ind1=" " ind2=" " tag="035">
		<subfield code="a">bv00211682</subfield>
	</datafield>
	<datafield ind1=" " ind2="9" tag="039">
		<subfield code="a">201711272036</subfield>
		<subfield code="b">VLOAD</subfield>
		<subfield code="c">201711271800</subfield>
		<subfield code="d">VLOAD</subfield>
		<subfield code="c">201705221449</subfield>
		<subfield code="d">VLOAD</subfield>
		<subfield code="c">201002121504</subfield>
		<subfield code="d">VLOAD</subfield>
		<subfield code="y">200912102250</subfield>
		<subfield code="z">VLOAD</subfield>
	</datafield>
	<datafield ind1=" " ind2=" " tag="040">
		<subfield code="a">RERO ifofj-</subfield>
	</datafield>
	<datafield ind1=" " ind2="7" tag="072">
		<subfield code="a">s1dr</subfield>
		<subfield code="2">rero</subfield>
	</datafield>
	<datafield ind1="1" ind2=" " tag="100">
		<subfield code="a">Koenig, Willy</subfield>
		<subfield code="4">cre</subfield>
	</datafield>
	<datafield ind1="1" ind2="0" tag="245">
		<subfield code="a">Privates und öffentliches Recht im Versicherungsverhältnis /</subfield>
		<subfield code="c">Willy Koenig</subfield>
	</datafield>
	<datafield ind1=" " ind2="1" tag="264">
		<subfield code="a">Roma :</subfield>
		<subfield code="b">Ed. della rivista assicurazioni,</subfield>
		<subfield code="c">1970</subfield>
	</datafield>
	<datafield ind1=" " ind2=" " tag="300">
		<subfield code="a">S. 279-299 ;</subfield>
		<subfield code="c">24 cm</subfield>
	</datafield>
	<datafield ind1=" " ind2=" " tag="336">
		<subfield code="b">txt</subfield>
		<subfield code="2">rdacontent</subfield>
	</datafield>
	<datafield ind1=" " ind2=" " tag="337">
		<subfield code="b">n</subfield>
		<subfield code="2">rdamedia</subfield>
	</datafield>
	<datafield ind1=" " ind2=" " tag="338">
		<subfield code="b">nc</subfield>
		<subfield code="2">rdacarrier</subfield>
	</datafield>
	<datafield ind1=" " ind2=" " tag="339">
		<subfield code="a">docmaintype_article</subfield>
	</datafield>
	<datafield ind1=" " ind2=" " tag="580">
		<subfield code="a">In: Droit des assurances. - Vol. I</subfield>
	</datafield>
	<datafield ind1="1" ind2=" " tag="773">
		<subfield code="t">Droit des assurances</subfield>
		<subfield code="g">Vol. I</subfield>
	</datafield>
	<datafield ind1=" " ind2=" " tag="933">
		<subfield code="s">Droit des assurances</subfield>
		<subfield code="g">Vol. I</subfield>
		<subfield code="5">alexrero</subfield>
	</datafield>
	<datafield ind1=" " ind2=" " tag="953">
		<subfield code="a">ifofj-</subfield>
	</datafield>
	<datafield ind1=" " ind2=" " tag="983">
		<subfield code="2">ifofj-</subfield>
		<subfield code="a">CA/CH 83 g KOEN 1970</subfield>
	</datafield>
</record>