

<record>
	<leader>01084nam a2200337 a 4500</leader>
	<controlfield tag="001">REROILS:232</controlfield>
	<controlfield tag="003">RERO</controlfield>
	<controlfield tag="005">20171125161800.0</controlfield>
	<controlfield tag="008">000924s1996    cc ||| |  ||||00|  |chi d</controlfield>
	<datafield ind1=" " ind2=" " tag="020">
		<subfield code="a">9787538119800</subfield>
	</datafield>
	<datafield ind1=" " ind2=" " tag="035">
		<subfield code="a">R268902960</subfield>
	</datafield>
	<datafield ind1=" " ind2=" " tag="039">
		<subfield code="b">6507i</subfield>
	</datafield>
	<datafield ind1=" " ind2="9" tag="039">
		<subfield code="a">201711251618</subfield>
		<subfield code="b">VLOAD</subfield>
		<subfield code="c">201706111146</subfield>
		<subfield code="d">VLOAD</subfield>
		<subfield code="c">200812220530</subfield>
		<subfield code="d">VLOAD</subfield>
		<subfield code="c">200606080731</subfield>
		<subfield code="d">VLOAD</subfield>
		<subfield code="y">200009240915</subfield>
		<subfield code="z">VLOAD</subfield>
	</datafield>
	<datafield ind1=" " ind2=" " tag="040">
		<subfield code="a">RERO gevmhn</subfield>
	</datafield>
	<datafield ind1=" " ind2="7" tag="072">
		<subfield code="a">s1zo</subfield>
		<subfield code="2">rero</subfield>
	</datafield>
	<datafield ind1="1" ind2=" " tag="100">
		<subfield code="a">Xue, Wanqi</subfield>
		<subfield code="4">cre</subfield>
		<subfield code="0">(IDREF)134232240</subfield>
	</datafield>
	<datafield ind1="1" ind2="0" tag="245">
		<subfield code="a">Flies of China /</subfield>
		<subfield code="c">by Xue Wanqi (Hsue Wan-chi), Chao Chienming</subfield>
	</datafield>
	<datafield ind1=" " ind2="1" tag="264">
		<subfield code="a">Shenyang :</subfield>
		<subfield code="b">Liaoning Science and Technology Press,</subfield>
		<subfield code="c">1996</subfield>
	</datafield>
	<datafield ind1=" " ind2=" " tag="300">
		<subfield code="a">2 vol. (2425 p.) :</subfield>
		<subfield code="b">ill. ;</subfield>
		<subfield code="c">27 cm</subfield>
	</datafield>
	<datafield ind1=" " ind2=" " tag="336">
		<subfield code="b">txt</subfield>
		<subfield code="2">rdacontent</subfield>
	</datafield>
	<datafield ind1=" " ind2=" " tag="337">
		<subfield code="b">n</subfield>
		<subfield code="2">rdamedia</subfield>
	</datafield>
	<datafield ind1=" " ind2=" " tag="338">
		<subfield code="b">nc</subfield>
		<subfield code="2">rdacarrier</subfield>
	</datafield>
	<datafield ind1=" " ind2=" " tag="339">
		<subfield code="a">docmaintype_book</subfield>
		<subfield code="b">docsubtype_other_book</subfield>
	</datafield>
	<datafield ind1=" " ind2="7" tag="650">
		<subfield code="a">Diptera [Taxonomie]</subfield>
		<subfield code="2">rero</subfield>
	</datafield>
	<datafield ind1=" " ind2="7" tag="651">
		<subfield code="a">Chine (république populaire)</subfield>
		<subfield code="2">rero</subfield>
	</datafield>
	<datafield ind1="1" ind2=" " tag="700">
		<subfield code="a">Chao, Chienming</subfield>
	</datafield>
	<datafield ind1=" " ind2=" " tag="900">
		<subfield code="a">noselfmerge</subfield>
	</datafield>
	<datafield ind1=" " ind2=" " tag="902">
		<subfield code="a">gevmhn</subfield>
		<subfield code="b">2000/05</subfield>
		<subfield code="c">800</subfield>
	</datafield>
	<datafield ind1=" " ind2=" " tag="919">
		<subfield code="9">650 _7</subfield>
		<subfield code="a">Diptera</subfield>
		<subfield code="z">Chine (république populaire)</subfield>
		<subfield code="2">chrero</subfield>
	</datafield>
	<datafield ind1=" " ind2=" " tag="957">
		<subfield code="a">gevmhn</subfield>
	</datafield>
	<datafield ind1=" " ind2=" " tag="992">
		<subfield code="a">MHN DIP 264</subfield>
		<subfield code="x">ge/vmhn/a/2000/110</subfield>
	</datafield>
</record>