

<record>
	<leader>00990nim a22003017a 4500</leader>
	<controlfield tag="001">REROILS:209</controlfield>
	<controlfield tag="003">RERO</controlfield>
	<controlfield tag="005">20170529172800.0</controlfield>
	<controlfield tag="008">100217s2006    xxu||| |  ||||  |  |eng d</controlfield>
	<datafield ind1=" " ind2=" " tag="028">
		<subfield code="a">9780739337202</subfield>
	</datafield>
	<datafield ind1=" " ind2=" " tag="035">
		<subfield code="a">R005392475</subfield>
	</datafield>
	<datafield ind1=" " ind2="9" tag="039">
		<subfield code="a">201705291728</subfield>
		<subfield code="b">VLOAD</subfield>
		<subfield code="c">201605151243</subfield>
		<subfield code="d">VLOAD</subfield>
		<subfield code="c">201011190731</subfield>
		<subfield code="d">1100</subfield>
		<subfield code="c">201011180901</subfield>
		<subfield code="d">1026</subfield>
		<subfield code="y">201002171230</subfield>
		<subfield code="z">1010</subfield>
	</datafield>
	<datafield ind1=" " ind2=" " tag="040">
		<subfield code="a">RERO vsbcvs</subfield>
	</datafield>
	<datafield ind1=" " ind2="7" tag="072">
		<subfield code="a">s1an</subfield>
		<subfield code="2">rero</subfield>
	</datafield>
	<datafield ind1="1" ind2=" " tag="100">
		<subfield code="a">Meyer, Stephenie</subfield>
		<subfield code="4">cre</subfield>
	</datafield>
	<datafield ind1="1" ind2="0" tag="245">
		<subfield code="a">New moon</subfield>
		<subfield code="h">[Enregistrement sonore] /</subfield>
		<subfield code="c">Stephenie Meyer</subfield>
	</datafield>
	<datafield ind1=" " ind2="1" tag="264">
		<subfield code="a">New York :</subfield>
		<subfield code="b">Listening Library,</subfield>
		<subfield code="c">2006</subfield>
	</datafield>
	<datafield ind1=" " ind2=" " tag="300">
		<subfield code="a">12 compact discs dans 2 emboîtages (14h51)</subfield>
	</datafield>
	<datafield ind1=" " ind2=" " tag="339">
		<subfield code="a">docmaintype_audio</subfield>
		<subfield code="b">docsubtype_recorded_words</subfield>
	</datafield>
	<datafield ind1=" " ind2=" " tag="500">
		<subfield code="a">Unabridged</subfield>
	</datafield>
	<datafield ind1="0" ind2=" " tag="511">
		<subfield code="a">Read by Ilyana Kadushin</subfield>
	</datafield>
	<datafield ind1="1" ind2=" " tag="700">
		<subfield code="a">Kadushin, Ilyana</subfield>
		<subfield code="0">(IDREF)20183152X</subfield>
	</datafield>
	<datafield ind1=" " ind2=" " tag="900">
		<subfield code="a">noselfmerge</subfield>
	</datafield>
	<datafield ind1=" " ind2=" " tag="906">
		<subfield code="a">mavs2</subfield>
	</datafield>
	<datafield ind1=" " ind2=" " tag="973">
		<subfield code="a">vsbcvb</subfield>
	</datafield>
	<datafield ind1=" " ind2=" " tag="986">
		<subfield code="2">cdu-vsbcvb</subfield>
		<subfield code="a">MEYE</subfield>
	</datafield>
	<datafield ind1=" " ind2=" " tag="986">
		<subfield code="2">ske</subfield>
		<subfield code="a">Hörbuch</subfield>
	</datafield>
</record>