

<record>
	<leader>01020nas a22003012a 4500</leader>
	<controlfield tag="001">REROILS:286</controlfield>
	<controlfield tag="003">RERO</controlfield>
	<controlfield tag="005">20191218163700.0</controlfield>
	<controlfield tag="008">020919d19612002xxu|||p|  ||||0 |  0eng d</controlfield>
	<datafield ind1=" " ind2=" " tag="022">
		<subfield code="a">0544-0653</subfield>
	</datafield>
	<datafield ind1=" " ind2=" " tag="035">
		<subfield code="a">R003242533</subfield>
	</datafield>
	<datafield ind1=" " ind2="9" tag="039">
		<subfield code="a">201912181637</subfield>
		<subfield code="b">7666</subfield>
		<subfield code="c">201705181303</subfield>
		<subfield code="d">VLOAD</subfield>
		<subfield code="c">201210191729</subfield>
		<subfield code="d">VLOAD</subfield>
		<subfield code="c">200605271338</subfield>
		<subfield code="d">VLOAD</subfield>
		<subfield code="y">200209190945</subfield>
		<subfield code="z">7350</subfield>
	</datafield>
	<datafield ind1=" " ind2=" " tag="040">
		<subfield code="a">RERO geuth-</subfield>
	</datafield>
	<datafield ind1=" " ind2="7" tag="072">
		<subfield code="a">s1th</subfield>
		<subfield code="2">rero</subfield>
	</datafield>
	<datafield ind1="0" ind2="0" tag="245">
		<subfield code="a">Mid-stream :</subfield>
		<subfield code="b">an ecumenical journal /</subfield>
		<subfield code="c">publ. by the Council on Christian Unity of the Christian Church (Disciples of Christ)</subfield>
	</datafield>
	<datafield ind1=" " ind2="1" tag="264">
		<subfield code="a">Indianapolis, Ind. :</subfield>
		<subfield code="b">Council on Christian Unity of the Christian Church,</subfield>
		<subfield code="c">1961-2002</subfield>
	</datafield>
	<datafield ind1=" " ind2=" " tag="300">
		<subfield code="c">23 cm</subfield>
	</datafield>
	<datafield ind1=" " ind2=" " tag="310">
		<subfield code="a">Trimestriel</subfield>
	</datafield>
	<datafield ind1=" " ind2=" " tag="336">
		<subfield code="b">txt</subfield>
		<subfield code="2">rdacontent</subfield>
	</datafield>
	<datafield ind1=" " ind2=" " tag="337">
		<subfield code="b">n</subfield>
		<subfield code="2">rdamedia</subfield>
	</datafield>
	<datafield ind1=" " ind2=" " tag="338">
		<subfield code="b">nc</subfield>
		<subfield code="2">rdacarrier</subfield>
	</datafield>
	<datafield ind1=" " ind2=" " tag="339">
		<subfield code="a">docmaintype_serial</subfield>
	</datafield>
	<datafield ind1="0" ind2=" " tag="362">
		<subfield code="a">Vol. 1(1961/62)-vol. 41(2002)</subfield>
	</datafield>
	<datafield ind1=" " ind2=" " tag="580">
		<subfield code="a">Succeeding title : Call to unity</subfield>
	</datafield>
	<datafield ind1="2" ind2=" " tag="710">
		<subfield code="a">Council on Christian Unity (United States)</subfield>
		<subfield code="0">(IDREF)235346756</subfield>
	</datafield>
	<datafield ind1="1" ind2="0" tag="785">
		<subfield code="t">Call to unity</subfield>
	</datafield>
	<datafield ind1=" " ind2=" " tag="900">
		<subfield code="a">noselfmerge</subfield>
	</datafield>
	<datafield ind1=" " ind2=" " tag="957">
		<subfield code="a">gewcc-</subfield>
	</datafield>
</record>