

<record>
	<leader>00642nas a2200229 a 4500</leader>
	<controlfield tag="001">REROILS:200</controlfield>
	<controlfield tag="003">RERO</controlfield>
	<controlfield tag="005">20200712115500.0</controlfield>
	<controlfield tag="008">960525c1957    gw |||m|| ||||0 || 0ger d</controlfield>
	<datafield ind1=" " ind2=" " tag="035">
		<subfield code="a">0388195</subfield>
	</datafield>
	<datafield ind1=" " ind2="9" tag="039">
		<subfield code="a">202007121155</subfield>
		<subfield code="b">VLOAD</subfield>
		<subfield code="c">201803291649</subfield>
		<subfield code="d">VLOAD</subfield>
		<subfield code="c">201705160936</subfield>
		<subfield code="d">VLOAD</subfield>
		<subfield code="c">200605280203</subfield>
		<subfield code="d">VLOAD</subfield>
		<subfield code="y">1999022719120000</subfield>
		<subfield code="z">load</subfield>
	</datafield>
	<datafield ind1=" " ind2=" " tag="040">
		<subfield code="a">RERO</subfield>
	</datafield>
	<datafield ind1=" " ind2="7" tag="072">
		<subfield code="a">s1ba</subfield>
		<subfield code="2">rero</subfield>
	</datafield>
	<datafield ind1="0" ind2="0" tag="245">
		<subfield code="a">Kleine Bücher Rheinischer Kunst</subfield>
	</datafield>
	<datafield ind1=" " ind2="1" tag="264">
		<subfield code="a">Mönchengladbach :</subfield>
		<subfield code="b">B. Kühlen,</subfield>
		<subfield code="c">1957-[?]</subfield>
	</datafield>
	<datafield ind1=" " ind2=" " tag="300">
		<subfield code="c">17 cm</subfield>
	</datafield>
	<datafield ind1=" " ind2=" " tag="336">
		<subfield code="b">txt</subfield>
		<subfield code="2">rdacontent</subfield>
	</datafield>
	<datafield ind1=" " ind2=" " tag="337">
		<subfield code="b">n</subfield>
		<subfield code="2">rdamedia</subfield>
	</datafield>
	<datafield ind1=" " ind2=" " tag="338">
		<subfield code="b">nc</subfield>
		<subfield code="2">rdacarrier</subfield>
	</datafield>
	<datafield ind1=" " ind2=" " tag="339">
		<subfield code="a">docmaintype_series</subfield>
	</datafield>
	<datafield ind1=" " ind2=" " tag="900">
		<subfield code="a">noselfmerge</subfield>
	</datafield>
	<datafield ind1=" " ind2=" " tag="956">
		<subfield code="a">frbcuc</subfield>
	</datafield>
</record>