

<record>
	<leader>01310naa a2200361 a 4500</leader>
	<controlfield tag="001">REROILS:147</controlfield>
	<controlfield tag="003">RERO</controlfield>
	<controlfield tag="005">20200712090600.0</controlfield>
	<controlfield tag="008">970320s1996    xxu|||||| ||||00|  |eng d</controlfield>
	<datafield ind1=" " ind2=" " tag="020">
		<subfield code="a">9780316922364</subfield>
	</datafield>
	<datafield ind1=" " ind2=" " tag="035">
		<subfield code="a">R212842860</subfield>
	</datafield>
	<datafield ind1=" " ind2=" " tag="039">
		<subfield code="b">0016</subfield>
		<subfield code="b">0119i</subfield>
	</datafield>
	<datafield ind1=" " ind2="9" tag="039">
		<subfield code="a">202007120906</subfield>
		<subfield code="b">VLOAD</subfield>
		<subfield code="c">201808272250</subfield>
		<subfield code="d">VLOAD</subfield>
		<subfield code="c">201706101819</subfield>
		<subfield code="d">VLOAD</subfield>
		<subfield code="c">200407042036</subfield>
		<subfield code="d">VLOAD</subfield>
		<subfield code="y">1999030117380000</subfield>
		<subfield code="z">load</subfield>
	</datafield>
	<datafield ind1=" " ind2=" " tag="040">
		<subfield code="a">RERO frbcuc</subfield>
	</datafield>
	<datafield ind1=" " ind2="7" tag="072">
		<subfield code="a">s1ht</subfield>
		<subfield code="2">rero</subfield>
	</datafield>
	<datafield ind1=" " ind2="7" tag="072">
		<subfield code="a">s2et</subfield>
		<subfield code="2">rero</subfield>
	</datafield>
	<datafield ind1="1" ind2=" " tag="100">
		<subfield code="a">Ward, Geoffrey C</subfield>
		<subfield code="4">cre</subfield>
		<subfield code="0">(IDREF)028278992</subfield>
	</datafield>
	<datafield ind1="1" ind2="4" tag="245">
		<subfield code="a">The West :</subfield>
		<subfield code="b">an illustrated history /</subfield>
		<subfield code="c">narrative by Geoffrey C. Ward ; based on a documentary film script by Geoffrey C. Ward and Dayton Duncan ; with a preface by Stephen Ives and Ken Burns ; and contributions by Dayton Duncan ... [et al.]</subfield>
	</datafield>
	<datafield ind1=" " ind2="1" tag="264">
		<subfield code="a">Boston [etc.] :</subfield>
		<subfield code="b">Little Brown,</subfield>
		<subfield code="c">[1996]</subfield>
	</datafield>
	<datafield ind1=" " ind2="4" tag="264">
		<subfield code="c">© 1996</subfield>
	</datafield>
	<datafield ind1=" " ind2=" " tag="300">
		<subfield code="a">XVII, 445 p. :</subfield>
		<subfield code="b">nombr. ill. ;</subfield>
		<subfield code="c">29 cm</subfield>
	</datafield>
	<datafield ind1=" " ind2=" " tag="336">
		<subfield code="b">txt</subfield>
		<subfield code="2">rdacontent</subfield>
	</datafield>
	<datafield ind1=" " ind2=" " tag="337">
		<subfield code="b">n</subfield>
		<subfield code="2">rdamedia</subfield>
	</datafield>
	<datafield ind1=" " ind2=" " tag="338">
		<subfield code="b">nc</subfield>
		<subfield code="2">rdacarrier</subfield>
	</datafield>
	<datafield ind1=" " ind2=" " tag="339">
		<subfield code="a">docmaintype_article</subfield>
	</datafield>
	<datafield ind1=" " ind2="7" tag="650">
		<subfield code="a">Colonisation</subfield>
		<subfield code="2">rero</subfield>
	</datafield>
	<datafield ind1=" " ind2="7" tag="650">
		<subfield code="a">1806-1910</subfield>
		<subfield code="2">rero</subfield>
	</datafield>
	<datafield ind1=" " ind2="7" tag="650">
		<subfield code="a">Indiens d'Amérique</subfield>
		<subfield code="2">rero</subfield>
	</datafield>
	<datafield ind1=" " ind2="7" tag="651">
		<subfield code="a">Amérique du nord</subfield>
		<subfield code="2">rero</subfield>
	</datafield>
	<datafield ind1="1" ind2=" " tag="700">
		<subfield code="a">Duncan, Dayton</subfield>
		<subfield code="0">(IDREF)050510479</subfield>
	</datafield>
	<datafield ind1=" " ind2=" " tag="900">
		<subfield code="a">noselfmerge</subfield>
	</datafield>
	<datafield ind1=" " ind2=" " tag="919">
		<subfield code="9">650 _7</subfield>
		<subfield code="a">Amérindien (peuple)</subfield>
		<subfield code="x">colonisation</subfield>
		<subfield code="z">Amérique du Nord</subfield>
		<subfield code="y">1806 / 1910</subfield>
		<subfield code="2">chrero</subfield>
	</datafield>
	<datafield ind1=" " ind2=" " tag="956">
		<subfield code="a">frbcuc</subfield>
	</datafield>
</record>