

<record>
	<leader>01204njm a2200313 a 4500</leader>
	<controlfield tag="001">REROILS:191</controlfield>
	<controlfield tag="003">RERO</controlfield>
	<controlfield tag="005">20200814144400.0</controlfield>
	<controlfield tag="007">s|</controlfield>
	<controlfield tag="008">110711s2004    xx ||| |  ||||  |  |eng d</controlfield>
	<datafield ind1="0" ind2="2" tag="028">
		<subfield code="a">Nonesuch 7559-79892-2</subfield>
	</datafield>
	<datafield ind1=" " ind2=" " tag="035">
		<subfield code="a">R006098225</subfield>
	</datafield>
	<datafield ind1=" " ind2="9" tag="039">
		<subfield code="a">202008141444</subfield>
		<subfield code="b">1562</subfield>
		<subfield code="c">201705301642</subfield>
		<subfield code="d">VLOAD</subfield>
		<subfield code="c">201107130914</subfield>
		<subfield code="d">1543</subfield>
		<subfield code="y">201107110905</subfield>
		<subfield code="z">1026</subfield>
	</datafield>
	<datafield ind1=" " ind2=" " tag="040">
		<subfield code="a">RERO vsbcvs</subfield>
	</datafield>
	<datafield ind1=" " ind2="7" tag="072">
		<subfield code="a">s1mu</subfield>
		<subfield code="2">rero</subfield>
	</datafield>
	<datafield ind1="0" ind2="2" tag="245">
		<subfield code="a">A ghost is born /</subfield>
		<subfield code="c">Wilco</subfield>
	</datafield>
	<datafield ind1=" " ind2="1" tag="264">
		<subfield code="a">[Lieu de publication non identifié] :</subfield>
		<subfield code="b">Nonesuch,</subfield>
		<subfield code="c">P 2004</subfield>
	</datafield>
	<datafield ind1=" " ind2=" " tag="300">
		<subfield code="a">2 disques compacts ;</subfield>
		<subfield code="c">12 cm +</subfield>
		<subfield code="e">1 livret</subfield>
	</datafield>
	<datafield ind1=" " ind2=" " tag="336">
		<subfield code="b">prm</subfield>
		<subfield code="2">rdacontent</subfield>
	</datafield>
	<datafield ind1=" " ind2=" " tag="337">
		<subfield code="b">s</subfield>
		<subfield code="2">rdamedia</subfield>
	</datafield>
	<datafield ind1=" " ind2=" " tag="338">
		<subfield code="b">sd</subfield>
		<subfield code="2">rdacarrier</subfield>
	</datafield>
	<datafield ind1=" " ind2=" " tag="339">
		<subfield code="a">docmaintype_audio</subfield>
		<subfield code="b">docsubtype_music</subfield>
	</datafield>
	<datafield ind1="0" ind2=" " tag="505">
		<subfield code="a">At least that's what you said ; Hell is chrome ; Spiders (kidsmoke) ; Muzzle of bees ; Hummingbird ; Handshake drugs ; Wishful thinking ; Company in my back ; I'm a wheel ; Theologians ; Less than you think ; The late greats</subfield>
	</datafield>
	<datafield ind1="0" ind2=" " tag="505">
		<subfield code="a">Bonus: Panthers ; At Least That's What You Said (Live) ; The Late Greats (Live) ; Handshake Drugs (Live) ; Kicking Television</subfield>
	</datafield>
	<datafield ind1="2" ind2=" " tag="710">
		<subfield code="a">Wilco</subfield>
		<subfield code="0">(IDREF)199562202</subfield>
	</datafield>
	<datafield ind1=" " ind2=" " tag="900">
		<subfield code="a">noselfmerge</subfield>
	</datafield>
	<datafield ind1=" " ind2=" " tag="906">
		<subfield code="a">bcvs</subfield>
		<subfield code="b">2011/07</subfield>
		<subfield code="c">19</subfield>
	</datafield>
	<datafield ind1=" " ind2=" " tag="973">
		<subfield code="a">vsbcvs</subfield>
	</datafield>
	<datafield ind1=" " ind2=" " tag="986">
		<subfield code="2">vs-pratcd</subfield>
		<subfield code="a">76 WILC</subfield>
	</datafield>
</record>