

<record>
	<leader>01617naa a2200349 a 4500</leader>
	<controlfield tag="001">REROILS:265</controlfield>
	<controlfield tag="003">RERO</controlfield>
	<controlfield tag="005">20180705101800.0</controlfield>
	<controlfield tag="008">080524s1991    sz ||| |  ||||00|  |ger d</controlfield>
	<datafield ind1=" " ind2=" " tag="019">
		<subfield code="a">Notice migrée du catalogue du Swiss Forum for Migration and Population Studies (SFM)</subfield>
		<subfield code="9">neusfm/09.2008</subfield>
	</datafield>
	<datafield ind1=" " ind2=" " tag="035">
		<subfield code="a">R004602125</subfield>
	</datafield>
	<datafield ind1=" " ind2="9" tag="039">
		<subfield code="a">201807051018</subfield>
		<subfield code="b">VLOAD</subfield>
		<subfield code="c">201705191622</subfield>
		<subfield code="d">VLOAD</subfield>
		<subfield code="c">201605150915</subfield>
		<subfield code="d">VLOAD</subfield>
		<subfield code="c">200907141641</subfield>
		<subfield code="d">1009</subfield>
		<subfield code="y">200811300853</subfield>
		<subfield code="z">VLOAD</subfield>
	</datafield>
	<datafield ind1=" " ind2=" " tag="040">
		<subfield code="a">RERO neusfm</subfield>
	</datafield>
	<datafield ind1=" " ind2=" " tag="044">
		<subfield code="a">sz</subfield>
		<subfield code="c">ch-vs</subfield>
	</datafield>
	<datafield ind1=" " ind2="7" tag="072">
		<subfield code="a">s1ht</subfield>
		<subfield code="2">rero</subfield>
	</datafield>
	<datafield ind1="1" ind2=" " tag="100">
		<subfield code="a">Anderegg, Klaus</subfield>
		<subfield code="4">cre</subfield>
	</datafield>
	<datafield ind1="1" ind2="0" tag="245">
		<subfield code="a">Ursachen und Anlässe der Walliser Auswanderung im 19. Jahrhundert /</subfield>
		<subfield code="c">Klaus Anderegg</subfield>
	</datafield>
	<datafield ind1=" " ind2="1" tag="264">
		<subfield code="c">1991</subfield>
	</datafield>
	<datafield ind1=" " ind2=" " tag="336">
		<subfield code="b">txt</subfield>
		<subfield code="2">rdacontent</subfield>
	</datafield>
	<datafield ind1=" " ind2=" " tag="337">
		<subfield code="b">n</subfield>
		<subfield code="2">rdamedia</subfield>
	</datafield>
	<datafield ind1=" " ind2=" " tag="338">
		<subfield code="b">nc</subfield>
		<subfield code="2">rdacarrier</subfield>
	</datafield>
	<datafield ind1=" " ind2=" " tag="339">
		<subfield code="a">docmaintype_article</subfield>
	</datafield>
	<datafield ind1=" " ind2=" " tag="580">
		<subfield code="a">In: Valais d'émigration = Auswanderungsland Wallis. - Sion : Editions des Musées cantonaux du Valais, 1991. - p. 87-120</subfield>
	</datafield>
	<datafield ind1="1" ind2=" " tag="773">
		<subfield code="t">Valais d'émigration : publication accompagnant l'exposition Ubi bene ibi patria - Valais d'émigration XVIe - XXe siècle, Musée cantonal d'histoire et d'ethnographie Valère 24 mai - 3 novembre 1991 = Auswanderungsland Wallis : Begleitpublikation zur Ausstellung Ubi bene ibi patria - Auswanderungsland Wallis 16. - 20. Jahrhundert, Kantonales Museum für Geschichte und Ethnographie Valère 24. Mai - 3. November 1991</subfield>
		<subfield code="g">87</subfield>
		<subfield code="w">REROILS:2000003</subfield>
	</datafield>
	<datafield ind1=" " ind2=" " tag="900">
		<subfield code="a">noselfmerge</subfield>
	</datafield>
	<datafield ind1=" " ind2=" " tag="962">
		<subfield code="a">neusfm</subfield>
	</datafield>
	<datafield ind1=" " ind2=" " tag="984">
		<subfield code="2">neu-sfm</subfield>
		<subfield code="a">Wallis</subfield>
	</datafield>
	<datafield ind1=" " ind2=" " tag="984">
		<subfield code="2">neu-sfm</subfield>
		<subfield code="a">Valais</subfield>
	</datafield>
	<datafield ind1=" " ind2=" " tag="984">
		<subfield code="2">neu-sfm</subfield>
		<subfield code="a">Switzerland</subfield>
	</datafield>
	<datafield ind1=" " ind2=" " tag="984">
		<subfield code="2">neu-sfm</subfield>
		<subfield code="a">History</subfield>
	</datafield>
	<datafield ind1=" " ind2=" " tag="984">
		<subfield code="2">neu-sfm</subfield>
		<subfield code="a">Emigration</subfield>
	</datafield>
	<datafield ind1=" " ind2=" " tag="994">
		<subfield code="a">-</subfield>
		<subfield code="x">neusfm 32720</subfield>
	</datafield>
</record>