

<record>
	<leader>00782nas a22002297a 4500</leader>
	<controlfield tag="001">REROILS:243</controlfield>
	<controlfield tag="003">RERO</controlfield>
	<controlfield tag="005">20170518113300.0</controlfield>
	<controlfield tag="008">010919q19919999is |||m|  ||||0 |  0eng d</controlfield>
	<datafield ind1=" " ind2=" " tag="035">
		<subfield code="a">R003092022</subfield>
	</datafield>
	<datafield ind1=" " ind2="9" tag="039">
		<subfield code="a">201705181133</subfield>
		<subfield code="b">VLOAD</subfield>
		<subfield code="c">200605291636</subfield>
		<subfield code="d">VLOAD</subfield>
		<subfield code="c">200109191405</subfield>
		<subfield code="d">8702</subfield>
		<subfield code="y">200109191402</subfield>
		<subfield code="z">8702</subfield>
	</datafield>
	<datafield ind1=" " ind2=" " tag="040">
		<subfield code="a">RERO laisdc</subfield>
	</datafield>
	<datafield ind1=" " ind2="7" tag="072">
		<subfield code="a">s1dr</subfield>
		<subfield code="2">rero</subfield>
	</datafield>
	<datafield ind1="0" ind2="0" tag="245">
		<subfield code="a">Israel/Palestine /</subfield>
		<subfield code="c">Israel/Palestine Center for Research and Information</subfield>
	</datafield>
	<datafield ind1=" " ind2="1" tag="264">
		<subfield code="a">Jerusalem :</subfield>
		<subfield code="b">the Center,</subfield>
		<subfield code="c">[1991?]-</subfield>
	</datafield>
	<datafield ind1=" " ind2=" " tag="336">
		<subfield code="b">txt</subfield>
		<subfield code="2">rdacontent</subfield>
	</datafield>
	<datafield ind1=" " ind2=" " tag="337">
		<subfield code="b">n</subfield>
		<subfield code="2">rdamedia</subfield>
	</datafield>
	<datafield ind1=" " ind2=" " tag="338">
		<subfield code="b">nc</subfield>
		<subfield code="2">rdacarrier</subfield>
	</datafield>
	<datafield ind1=" " ind2=" " tag="339">
		<subfield code="a">docmaintype_series</subfield>
	</datafield>
	<datafield ind1="2" ind2=" " tag="710">
		<subfield code="a">Israel/Palestine Center for Research and Information</subfield>
	</datafield>
	<datafield ind1=" " ind2=" " tag="900">
		<subfield code="a">noselfmerge</subfield>
	</datafield>
</record>