

<record>
	<leader>00937nam a2200301 a 4500</leader>
	<controlfield tag="001">REROILS:207</controlfield>
	<controlfield tag="003">RERO</controlfield>
	<controlfield tag="005">20200710185100.0</controlfield>
	<controlfield tag="008">001227s1968    fr |||||| ||||00|| |fre d</controlfield>
	<datafield ind1=" " ind2=" " tag="035">
		<subfield code="a">0002715</subfield>
	</datafield>
	<datafield ind1=" " ind2="9" tag="039">
		<subfield code="a">202007101851</subfield>
		<subfield code="b">VLOAD</subfield>
		<subfield code="c">201706101047</subfield>
		<subfield code="d">VLOAD</subfield>
		<subfield code="c">201703270956</subfield>
		<subfield code="d">VLOAD</subfield>
		<subfield code="c">201210171730</subfield>
		<subfield code="d">VLOAD</subfield>
		<subfield code="y">1999022709520000</subfield>
		<subfield code="z">load</subfield>
	</datafield>
	<datafield ind1=" " ind2=" " tag="040">
		<subfield code="a">RERO</subfield>
	</datafield>
	<datafield ind1=" " ind2="7" tag="072">
		<subfield code="a">s1py</subfield>
		<subfield code="2">rero</subfield>
	</datafield>
	<datafield ind1="1" ind2=" " tag="100">
		<subfield code="a">Hedde d'Entremont, Bernard</subfield>
		<subfield code="4">cre</subfield>
		<subfield code="0">(IDREF)084565241</subfield>
	</datafield>
	<datafield ind1="1" ind2="4" tag="245">
		<subfield code="a">Les aciers spéciaux /</subfield>
		<subfield code="c">par Bernard Hedde D'Entremont</subfield>
	</datafield>
	<datafield ind1=" " ind2=" " tag="250">
		<subfield code="a">2e éd. mise à jour</subfield>
	</datafield>
	<datafield ind1=" " ind2="1" tag="264">
		<subfield code="a">Paris :</subfield>
		<subfield code="b">Presses univ. de France,</subfield>
		<subfield code="c">1968</subfield>
	</datafield>
	<datafield ind1=" " ind2=" " tag="300">
		<subfield code="a">125 p. :</subfield>
		<subfield code="b">ill. ;</subfield>
		<subfield code="c">18 cm</subfield>
	</datafield>
	<datafield ind1=" " ind2=" " tag="336">
		<subfield code="b">txt</subfield>
		<subfield code="2">rdacontent</subfield>
	</datafield>
	<datafield ind1=" " ind2=" " tag="337">
		<subfield code="b">n</subfield>
		<subfield code="2">rdamedia</subfield>
	</datafield>
	<datafield ind1=" " ind2=" " tag="338">
		<subfield code="b">nc</subfield>
		<subfield code="2">rdacarrier</subfield>
	</datafield>
	<datafield ind1=" " ind2=" " tag="339">
		<subfield code="a">docmaintype_book</subfield>
		<subfield code="b">docsubtype_other_book</subfield>
	</datafield>
	<datafield ind1="1" ind2=" " tag="490">
		<subfield code="a">Que sais-je?</subfield>
		<subfield code="v">890</subfield>
	</datafield>
	<datafield ind1=" " ind2="7" tag="650">
		<subfield code="a">Acier</subfield>
		<subfield code="2">rero</subfield>
	</datafield>
	<datafield ind1=" " ind2="0" tag="830">
		<subfield code="a">Que sais-je? : le point des connaissances actuelles</subfield>
		<subfield code="v">890</subfield>
	</datafield>
	<datafield ind1=" " ind2=" " tag="900">
		<subfield code="a">noselfmerge</subfield>
	</datafield>
	<datafield ind1=" " ind2=" " tag="919">
		<subfield code="9">650 _7</subfield>
		<subfield code="a">acier</subfield>
		<subfield code="2">chrero</subfield>
	</datafield>
	<datafield ind1=" " ind2=" " tag="956">
		<subfield code="a">frbcuc</subfield>
	</datafield>
</record>