

<record>
	<leader>02130cam a2200505 a 4500</leader>
	<controlfield tag="001">REROILS:225</controlfield>
	<controlfield tag="003">RERO</controlfield>
	<controlfield tag="005">20201005222700.0</controlfield>
	<controlfield tag="008">000923m19879999sz |||||| ||||00|  |fre d</controlfield>
	<datafield ind1=" " ind2=" " tag="020">
		<subfield code="z">3297162008 :</subfield>
		<subfield code="c">Fr. 292.-</subfield>
	</datafield>
	<datafield ind1=" " ind2=" " tag="035">
		<subfield code="a">0812781</subfield>
	</datafield>
	<datafield ind1=" " ind2=" " tag="039">
		<subfield code="b">1008</subfield>
		<subfield code="b">9834f</subfield>
		<subfield code="b">7552</subfield>
	</datafield>
	<datafield ind1=" " ind2="9" tag="039">
		<subfield code="a">202010052227</subfield>
		<subfield code="b">VLOAD</subfield>
		<subfield code="c">202001211342</subfield>
		<subfield code="d">VLOAD</subfield>
		<subfield code="c">201807011600</subfield>
		<subfield code="d">VLOAD</subfield>
		<subfield code="c">201804191026</subfield>
		<subfield code="d">VLOAD</subfield>
		<subfield code="y">1999022804570000</subfield>
		<subfield code="z">load</subfield>
	</datafield>
	<datafield ind1=" " ind2=" " tag="040">
		<subfield code="a">RERO neubfd</subfield>
	</datafield>
	<datafield ind1="1" ind2=" " tag="041">
		<subfield code="a">fre</subfield>
		<subfield code="h">ger</subfield>
	</datafield>
	<datafield ind1=" " ind2="7" tag="072">
		<subfield code="a">s1dr</subfield>
		<subfield code="2">rero</subfield>
	</datafield>
	<datafield ind1="0" ind2="3" tag="245">
		<subfield code="a">La norme S.I.A. 118 et l'actualité juridique en matière de construction :</subfield>
		<subfield code="b">un ouvrage pratique pour tous les entrepreneurs en rapport avec la construction, avec études de cas, check-lists, exemples de contrats et de lettres relatifs au contrat d'entreprise /</subfield>
		<subfield code="c">[éd.] Hans E. Bachmann ; trad. Henri Perrin</subfield>
	</datafield>
	<datafield ind1=" " ind2="1" tag="264">
		<subfield code="a">Zürich :</subfield>
		<subfield code="b">Ed. Weka,</subfield>
		<subfield code="c">1987-&gt;</subfield>
	</datafield>
	<datafield ind1=" " ind2=" " tag="300">
		<subfield code="a">8 classeurs :</subfield>
		<subfield code="b">ill. ;</subfield>
		<subfield code="c">23 cm</subfield>
	</datafield>
	<datafield ind1=" " ind2=" " tag="336">
		<subfield code="b">txt</subfield>
		<subfield code="2">rdacontent</subfield>
	</datafield>
	<datafield ind1=" " ind2=" " tag="337">
		<subfield code="b">n</subfield>
		<subfield code="2">rdamedia</subfield>
	</datafield>
	<datafield ind1=" " ind2=" " tag="338">
		<subfield code="b">nc</subfield>
		<subfield code="2">rdacarrier</subfield>
	</datafield>
	<datafield ind1=" " ind2=" " tag="339">
		<subfield code="a">docmaintype_book</subfield>
		<subfield code="b">docsubtype_other_book</subfield>
	</datafield>
	<datafield ind1=" " ind2=" " tag="500">
		<subfield code="a">Publication à feuillets mobiles avec mises à jour périodiques</subfield>
	</datafield>
	<datafield ind1=" " ind2="7" tag="650">
		<subfield code="a">Contrats de construction</subfield>
		<subfield code="2">rero</subfield>
	</datafield>
	<datafield ind1=" " ind2="7" tag="651">
		<subfield code="a">Suisse</subfield>
		<subfield code="2">rero</subfield>
		<subfield code="0">(IDREF)027249654</subfield>
	</datafield>
	<datafield ind1="1" ind2=" " tag="700">
		<subfield code="a">Bachmann, Hans Emil</subfield>
		<subfield code="0">(IDREF)074755978</subfield>
	</datafield>
	<datafield ind1="1" ind2=" " tag="700">
		<subfield code="a">Perrin, Henri</subfield>
	</datafield>
	<datafield ind1="3" ind2=" " tag="730">
		<subfield code="a">La norme SIA 118 et l'actualité juridique en matière de construction</subfield>
	</datafield>
	<datafield ind1=" " ind2=" " tag="900">
		<subfield code="a">bds87</subfield>
		<subfield code="n">87/372</subfield>
		<subfield code="n">87/1030</subfield>
	</datafield>
	<datafield ind1=" " ind2=" " tag="900">
		<subfield code="a">noselfmerge</subfield>
	</datafield>
	<datafield ind1=" " ind2=" " tag="919">
		<subfield code="9">650 _7</subfield>
		<subfield code="a">contrat de construction</subfield>
		<subfield code="z">Suisse</subfield>
		<subfield code="2">chrero</subfield>
	</datafield>
	<datafield ind1=" " ind2=" " tag="957">
		<subfield code="a">geubfd</subfield>
	</datafield>
	<datafield ind1=" " ind2=" " tag="962">
		<subfield code="a">neubfd</subfield>
	</datafield>
	<datafield ind1=" " ind2=" " tag="973">
		<subfield code="a">vsbcvs vstcvs</subfield>
	</datafield>
	<datafield ind1=" " ind2=" " tag="980">
		<subfield code="2">dr-sys</subfield>
		<subfield code="a">CA/CH 47 g</subfield>
	</datafield>
	<datafield ind1=" " ind2=" " tag="980">
		<subfield code="2">dr-sys</subfield>
		<subfield code="a">CA/CH 73.4 h</subfield>
	</datafield>
	<datafield ind1=" " ind2=" " tag="982">
		<subfield code="2">dr-geubfd</subfield>
		<subfield code="a">CA/CH 47 g NOS/FR</subfield>
	</datafield>
	<datafield ind1=" " ind2=" " tag="984">
		<subfield code="2">dr-neubfd</subfield>
		<subfield code="a">CA/CH 47 g NOS/FR 1992</subfield>
	</datafield>
	<datafield ind1=" " ind2=" " tag="986">
		<subfield code="2">dr-vs</subfield>
		<subfield code="a">CA/CH 47 g NOS/FR</subfield>
	</datafield>
	<datafield ind1=" " ind2=" " tag="992">
		<subfield code="a">BFDA 11714</subfield>
		<subfield code="x">ge/ubfd/a/88/5</subfield>
	</datafield>
	<datafield ind1=" " ind2=" " tag="992">
		<subfield code="a">BFDA 11714</subfield>
		<subfield code="x">ge/ubfd/a/87/398</subfield>
	</datafield>
	<datafield ind1=" " ind2=" " tag="996">
		<subfield code="a">TCVS 251/2</subfield>
		<subfield code="c">CA/CH 47 g NOS/FR</subfield>
		<subfield code="l">[Vol. 2.]</subfield>
		<subfield code="x">vs/tcvs/a</subfield>
	</datafield>
	<datafield ind1=" " ind2=" " tag="996">
		<subfield code="a">TCVS 251/1</subfield>
		<subfield code="c">CA/CH 47 g NOS/FR</subfield>
		<subfield code="l">[Vol. 1.]</subfield>
		<subfield code="x">vs/tcvs/a</subfield>
	</datafield>
</record>