

<record>
	<leader>01153nam a2200337 a 4500</leader>
	<controlfield tag="001">REROILS:63</controlfield>
	<controlfield tag="003">RERO</controlfield>
	<controlfield tag="005">20180827200700.0</controlfield>
	<controlfield tag="008">960917s1985    fr |||||| ||||00|| |ara d</controlfield>
	<datafield ind1=" " ind2=" " tag="020">
		<subfield code="a">9782706809170</subfield>
	</datafield>
	<datafield ind1="7" ind2=" " tag="024">
		<subfield code="a">http://catalogue.bnf.fr/ark:/12148/cb349132615</subfield>
		<subfield code="2">uri</subfield>
	</datafield>
	<datafield ind1=" " ind2=" " tag="035">
		<subfield code="a">2258553</subfield>
	</datafield>
	<datafield ind1=" " ind2="9" tag="039">
		<subfield code="a">201808272007</subfield>
		<subfield code="b">VLOAD</subfield>
		<subfield code="c">201706101643</subfield>
		<subfield code="d">VLOAD</subfield>
		<subfield code="c">201207280935</subfield>
		<subfield code="d">VLOAD</subfield>
		<subfield code="c">200812221208</subfield>
		<subfield code="d">VLOAD</subfield>
		<subfield code="y">1999030116130000</subfield>
		<subfield code="z">load</subfield>
	</datafield>
	<datafield ind1=" " ind2=" " tag="040">
		<subfield code="a">RERO geular</subfield>
	</datafield>
	<datafield ind1="0" ind2=" " tag="041">
		<subfield code="a">ara</subfield>
		<subfield code="a">fre</subfield>
	</datafield>
	<datafield ind1=" " ind2="7" tag="072">
		<subfield code="a">s1sm</subfield>
		<subfield code="2">rero</subfield>
	</datafield>
	<datafield ind1="1" ind2=" " tag="100">
		<subfield code="a">Tölle, Heidi</subfield>
		<subfield code="4">cre</subfield>
	</datafield>
	<datafield ind1="1" ind2="0" tag="245">
		<subfield code="a">Ataʿallam al-ʿarabiyya :</subfield>
		<subfield code="b">supplément grammatical au &quot;Manuel d'arabe moderne&quot;, premier volume, méthode Reig /</subfield>
		<subfield code="c">Heidi Toelle</subfield>
	</datafield>
	<datafield ind1=" " ind2="1" tag="264">
		<subfield code="a">Paris :</subfield>
		<subfield code="b">G.-P. Maisonneuve et Larose,</subfield>
		<subfield code="c">1985</subfield>
	</datafield>
	<datafield ind1=" " ind2=" " tag="300">
		<subfield code="a">77 p. :</subfield>
		<subfield code="b">tabl. ;</subfield>
		<subfield code="c">24 cm</subfield>
	</datafield>
	<datafield ind1=" " ind2=" " tag="336">
		<subfield code="b">txt</subfield>
		<subfield code="2">rdacontent</subfield>
	</datafield>
	<datafield ind1=" " ind2=" " tag="337">
		<subfield code="b">n</subfield>
		<subfield code="2">rdamedia</subfield>
	</datafield>
	<datafield ind1=" " ind2=" " tag="338">
		<subfield code="b">nc</subfield>
		<subfield code="2">rdacarrier</subfield>
	</datafield>
	<datafield ind1=" " ind2=" " tag="339">
		<subfield code="a">docmaintype_book</subfield>
		<subfield code="b">docsubtype_other_book</subfield>
	</datafield>
	<datafield ind1=" " ind2="7" tag="650">
		<subfield code="a">Arabe (langue)</subfield>
		<subfield code="2">rero</subfield>
	</datafield>
	<datafield ind1=" " ind2="7" tag="655">
		<subfield code="a">[Manuels d'enseignement]</subfield>
		<subfield code="2">rero</subfield>
	</datafield>
	<datafield ind1=" " ind2=" " tag="900">
		<subfield code="a">noselfmerge</subfield>
	</datafield>
	<datafield ind1=" " ind2=" " tag="919">
		<subfield code="9">650 _7</subfield>
		<subfield code="a">arabe (langue)</subfield>
		<subfield code="v">[manuel]</subfield>
		<subfield code="2">chrero</subfield>
	</datafield>
	<datafield ind1=" " ind2=" " tag="957">
		<subfield code="a">geular</subfield>
	</datafield>
	<datafield ind1=" " ind2=" " tag="982">
		<subfield code="2">ge-ular</subfield>
		<subfield code="a">F 8 REI</subfield>
	</datafield>
	<datafield ind1=" " ind2=" " tag="992">
		<subfield code="a">BFLA 105825/1,1</subfield>
		<subfield code="x">ge/ular/a/96/225</subfield>
	</datafield>
</record>