

<record>
	<leader>01784nam a2200469 a 4500</leader>
	<controlfield tag="001">REROILS:245</controlfield>
	<controlfield tag="003">RERO</controlfield>
	<controlfield tag="005">20201006114100.0</controlfield>
	<controlfield tag="008">000921s2000    sz |||||| ||||00|  |fre d</controlfield>
	<datafield ind1=" " ind2=" " tag="020">
		<subfield code="a">9782940058174</subfield>
	</datafield>
	<datafield ind1=" " ind2=" " tag="035">
		<subfield code="a">R270752060</subfield>
	</datafield>
	<datafield ind1=" " ind2=" " tag="039">
		<subfield code="b">0021</subfield>
		<subfield code="b">0021i</subfield>
		<subfield code="b">9500f</subfield>
	</datafield>
	<datafield ind1=" " ind2="9" tag="039">
		<subfield code="a">202010061141</subfield>
		<subfield code="b">VLOAD</subfield>
		<subfield code="c">202007102201</subfield>
		<subfield code="d">VLOAD</subfield>
		<subfield code="c">201807031627</subfield>
		<subfield code="d">VLOAD</subfield>
		<subfield code="c">201706111219</subfield>
		<subfield code="d">VLOAD</subfield>
		<subfield code="y">200009212105</subfield>
		<subfield code="z">VLOAD</subfield>
	</datafield>
	<datafield ind1=" " ind2=" " tag="040">
		<subfield code="a">RERO frbcuc</subfield>
	</datafield>
	<datafield ind1=" " ind2=" " tag="044">
		<subfield code="a">sz</subfield>
		<subfield code="c">ch-fr</subfield>
	</datafield>
	<datafield ind1=" " ind2="7" tag="072">
		<subfield code="a">s1ss</subfield>
		<subfield code="2">rero</subfield>
	</datafield>
	<datafield ind1="0" ind2="0" tag="245">
		<subfield code="a">Règlement de la Commission éthique de l'AFIPA/VFA</subfield>
	</datafield>
	<datafield ind1=" " ind2="1" tag="264">
		<subfield code="a">Marsens :</subfield>
		<subfield code="b">Secrétariat AFIPA/VFA c/o Home médicalisé d'Humilimont,</subfield>
		<subfield code="c">[2000]</subfield>
	</datafield>
	<datafield ind1=" " ind2=" " tag="300">
		<subfield code="a">2 p. ;</subfield>
		<subfield code="c">30 cm</subfield>
	</datafield>
	<datafield ind1=" " ind2=" " tag="336">
		<subfield code="b">txt</subfield>
		<subfield code="2">rdacontent</subfield>
	</datafield>
	<datafield ind1=" " ind2=" " tag="337">
		<subfield code="b">n</subfield>
		<subfield code="2">rdamedia</subfield>
	</datafield>
	<datafield ind1=" " ind2=" " tag="338">
		<subfield code="b">nc</subfield>
		<subfield code="2">rdacarrier</subfield>
	</datafield>
	<datafield ind1=" " ind2=" " tag="339">
		<subfield code="a">docmaintype_book</subfield>
		<subfield code="b">docsubtype_other_book</subfield>
	</datafield>
	<datafield ind1=" " ind2=" " tag="500">
		<subfield code="a">Ed. allemande sous le titre: Reglement der Ethik Kommission der VFA/AFIPA</subfield>
	</datafield>
	<datafield ind1="4" ind2=" " tag="510">
		<subfield code="a">La Gruyère. - Bulle. - 23.2.2000</subfield>
	</datafield>
	<datafield ind1="2" ind2="7" tag="610">
		<subfield code="a">Association fribourgeoise des institutions pour personnes âgées (Fribourg)</subfield>
		<subfield code="2">rero</subfield>
	</datafield>
	<datafield ind1=" " ind2="7" tag="650">
		<subfield code="a">Morale</subfield>
		<subfield code="2">rero</subfield>
	</datafield>
	<datafield ind1=" " ind2="7" tag="650">
		<subfield code="a">Maisons de retraite</subfield>
		<subfield code="2">rero</subfield>
	</datafield>
	<datafield ind1=" " ind2="7" tag="650">
		<subfield code="a">établissement médico-social</subfield>
		<subfield code="2">rerovoc</subfield>
	</datafield>
	<datafield ind1=" " ind2="7" tag="651">
		<subfield code="a">Fribourg (Suisse, canton)</subfield>
		<subfield code="2">rero</subfield>
	</datafield>
	<datafield ind1=" " ind2="7" tag="655">
		<subfield code="a">[document]</subfield>
		<subfield code="2">rerovoc</subfield>
	</datafield>
	<datafield ind1="2" ind2=" " tag="710">
		<subfield code="a">Association fribourgeoise des institutions pour personnes âgées</subfield>
	</datafield>
	<datafield ind1=" " ind2=" " tag="900">
		<subfield code="a">noselfmerge</subfield>
	</datafield>
	<datafield ind1=" " ind2=" " tag="901">
		<subfield code="a">bfr2000</subfield>
	</datafield>
	<datafield ind1=" " ind2=" " tag="901">
		<subfield code="a">bfrc2</subfield>
	</datafield>
	<datafield ind1=" " ind2=" " tag="901">
		<subfield code="a">fribu</subfield>
	</datafield>
	<datafield ind1=" " ind2=" " tag="901">
		<subfield code="a">frautfr</subfield>
	</datafield>
	<datafield ind1=" " ind2=" " tag="919">
		<subfield code="9">650 _7</subfield>
		<subfield code="a">morale</subfield>
		<subfield code="x">Association fribourgeoise des institutions pour personnes âgées (Fribourg)</subfield>
		<subfield code="v">[document]</subfield>
		<subfield code="2">chrero</subfield>
	</datafield>
	<datafield ind1=" " ind2=" " tag="919">
		<subfield code="9">650 _7</subfield>
		<subfield code="a">établissement pour personnes âgées</subfield>
		<subfield code="x">morale</subfield>
		<subfield code="z">Fribourg (Suisse, canton)</subfield>
		<subfield code="2">chrero</subfield>
	</datafield>
	<datafield ind1=" " ind2=" " tag="919">
		<subfield code="9">650 _7</subfield>
		<subfield code="a">établissement médico-social</subfield>
		<subfield code="x">morale</subfield>
		<subfield code="z">Fribourg (Suisse, canton)</subfield>
		<subfield code="2">chrero</subfield>
	</datafield>
	<datafield ind1=" " ind2=" " tag="956">
		<subfield code="a">frbcuc</subfield>
	</datafield>
	<datafield ind1=" " ind2=" " tag="981">
		<subfield code="2">BF</subfield>
		<subfield code="a">4.32.21.4</subfield>
	</datafield>
</record>