

<record>
	<leader>00858naa a22002537a 4500</leader>
	<controlfield tag="001">REROILS:142</controlfield>
	<controlfield tag="003">RERO</controlfield>
	<controlfield tag="005">20170518141300.0</controlfield>
	<controlfield tag="008">980412s1969    xx ||| |  ||||00|  0eng d</controlfield>
	<datafield ind1=" " ind2=" " tag="035">
		<subfield code="a">R003458626</subfield>
	</datafield>
	<datafield ind1=" " ind2="9" tag="039">
		<subfield code="a">201705181413</subfield>
		<subfield code="b">VLOAD</subfield>
		<subfield code="c">201605141157</subfield>
		<subfield code="d">VLOAD</subfield>
		<subfield code="c">201210191827</subfield>
		<subfield code="d">VLOAD</subfield>
		<subfield code="c">201112192301</subfield>
		<subfield code="d">VLOAD</subfield>
		<subfield code="y">200506232352</subfield>
		<subfield code="z">VLOAD</subfield>
	</datafield>
	<datafield ind1=" " ind2=" " tag="040">
		<subfield code="a">RERO gewcc-</subfield>
	</datafield>
	<datafield ind1=" " ind2="7" tag="072">
		<subfield code="a">s1th</subfield>
		<subfield code="2">rero</subfield>
	</datafield>
	<datafield ind1="1" ind2=" " tag="100">
		<subfield code="a">Tavard, Georges Henri</subfield>
		<subfield code="4">cre</subfield>
		<subfield code="0">(IDREF)027155811</subfield>
	</datafield>
	<datafield ind1="1" ind2="4" tag="245">
		<subfield code="a">The present ecumenical movement /</subfield>
		<subfield code="c">G. Tavard</subfield>
	</datafield>
	<datafield ind1=" " ind2="1" tag="264">
		<subfield code="c">1969</subfield>
	</datafield>
	<datafield ind1=" " ind2=" " tag="336">
		<subfield code="b">txt</subfield>
		<subfield code="2">rdacontent</subfield>
	</datafield>
	<datafield ind1=" " ind2=" " tag="337">
		<subfield code="b">n</subfield>
		<subfield code="2">rdamedia</subfield>
	</datafield>
	<datafield ind1=" " ind2=" " tag="338">
		<subfield code="b">nc</subfield>
		<subfield code="2">rdacarrier</subfield>
	</datafield>
	<datafield ind1=" " ind2=" " tag="339">
		<subfield code="a">docmaintype_article</subfield>
	</datafield>
	<datafield ind1=" " ind2=" " tag="580">
		<subfield code="a">In: One in Christ ; vol. 5, no. 3, 1969, p. 248-262</subfield>
	</datafield>
	<datafield ind1="1" ind2=" " tag="773">
		<subfield code="t">One in Christ : a catholic ecumenical review</subfield>
		<subfield code="g">vol. 5, no. 3, 1969, p. 248-262</subfield>
		<subfield code="w">REROILS:256</subfield>
	</datafield>
	<datafield ind1=" " ind2=" " tag="957">
		<subfield code="a">gewcc-</subfield>
	</datafield>
	<datafield ind1=" " ind2=" " tag="982">
		<subfield code="2">wccsh</subfield>
		<subfield code="a">Roman Catholic Church</subfield>
		<subfield code="d">Ecumenical movement</subfield>
	</datafield>
</record>