

<record>
	<leader>01527cam a2200421 a 4500</leader>
	<controlfield tag="001">REROILS:43</controlfield>
	<controlfield tag="003">RERO</controlfield>
	<controlfield tag="005">20200712184500.0</controlfield>
	<controlfield tag="008">110715s2011    it ||| |  ||||00|  |ita d</controlfield>
	<datafield ind1=" " ind2=" " tag="020">
		<subfield code="a">9788815146489</subfield>
	</datafield>
	<datafield ind1=" " ind2=" " tag="035">
		<subfield code="a">R006103622</subfield>
	</datafield>
	<datafield ind1=" " ind2="7" tag="039">
		<subfield code="b">9500</subfield>
		<subfield code="b">0060</subfield>
	</datafield>
	<datafield ind1=" " ind2="9" tag="039">
		<subfield code="a">202007121845</subfield>
		<subfield code="b">VLOAD</subfield>
		<subfield code="c">201706110912</subfield>
		<subfield code="d">VLOAD</subfield>
		<subfield code="c">201502081224</subfield>
		<subfield code="d">VLOAD</subfield>
		<subfield code="c">201202151557</subfield>
		<subfield code="d">9500</subfield>
		<subfield code="y">201107150908</subfield>
		<subfield code="z">0050</subfield>
	</datafield>
	<datafield ind1=" " ind2=" " tag="040">
		<subfield code="a">ItFiC</subfield>
		<subfield code="d">DLC</subfield>
		<subfield code="d">RERO frbcuc</subfield>
	</datafield>
	<datafield ind1=" " ind2="7" tag="072">
		<subfield code="a">s1th</subfield>
		<subfield code="2">rero</subfield>
	</datafield>
	<datafield ind1=" " ind2="7" tag="072">
		<subfield code="a">s2ht</subfield>
		<subfield code="2">rero</subfield>
	</datafield>
	<datafield ind1="1" ind2=" " tag="100">
		<subfield code="a">Giovagnoli, Agostino</subfield>
		<subfield code="4">cre</subfield>
		<subfield code="0">(IDREF)028464249</subfield>
	</datafield>
	<datafield ind1="1" ind2="0" tag="245">
		<subfield code="a">Chiesa e democrazia :</subfield>
		<subfield code="b">la lezione di Pietro Scoppola /</subfield>
		<subfield code="c">Agostino Giovagnoli</subfield>
	</datafield>
	<datafield ind1=" " ind2="1" tag="264">
		<subfield code="a">Bologna :</subfield>
		<subfield code="b">Il Mulino,</subfield>
		<subfield code="c">2011</subfield>
	</datafield>
	<datafield ind1=" " ind2=" " tag="300">
		<subfield code="a">293 p. ;</subfield>
		<subfield code="c">22 cm.</subfield>
	</datafield>
	<datafield ind1=" " ind2=" " tag="336">
		<subfield code="b">txt</subfield>
		<subfield code="2">rdacontent</subfield>
	</datafield>
	<datafield ind1=" " ind2=" " tag="337">
		<subfield code="b">n</subfield>
		<subfield code="2">rdamedia</subfield>
	</datafield>
	<datafield ind1=" " ind2=" " tag="338">
		<subfield code="b">nc</subfield>
		<subfield code="2">rdacarrier</subfield>
	</datafield>
	<datafield ind1=" " ind2=" " tag="339">
		<subfield code="a">docmaintype_book</subfield>
		<subfield code="b">docsubtype_other_book</subfield>
	</datafield>
	<datafield ind1="1" ind2=" " tag="490">
		<subfield code="a">Saggi</subfield>
		<subfield code="v">746</subfield>
	</datafield>
	<datafield ind1=" " ind2=" " tag="504">
		<subfield code="a">Includes bibliographical references and index.</subfield>
	</datafield>
	<datafield ind1="1" ind2="0" tag="600">
		<subfield code="a">Scoppola, Pietro</subfield>
	</datafield>
	<datafield ind1="1" ind2="7" tag="600">
		<subfield code="a">Scoppola, Pietro</subfield>
		<subfield code="2">rero</subfield>
		<subfield code="0">(IDREF)028464257</subfield>
	</datafield>
	<datafield ind1="2" ind2="0" tag="610">
		<subfield code="a">Catholic Church</subfield>
		<subfield code="x">Political activity</subfield>
		<subfield code="z">Italy</subfield>
	</datafield>
	<datafield ind1="2" ind2="0" tag="610">
		<subfield code="a">Partito della democrazia cristiana</subfield>
	</datafield>
	<datafield ind1=" " ind2="0" tag="650">
		<subfield code="a">Christianity and politics</subfield>
		<subfield code="z">Italy</subfield>
		<subfield code="x">Catholic Church</subfield>
	</datafield>
	<datafield ind1=" " ind2="0" tag="830">
		<subfield code="a">Saggi.</subfield>
		<subfield code="p">Il Mulino</subfield>
		<subfield code="v">746</subfield>
		<subfield code="w">REROILS:2000005</subfield>
	</datafield>
	<datafield ind1="4" ind2="2" tag="856">
		<subfield code="u">http://catdir.loc.gov/catdir/toc/casalini09/10500553.pdf</subfield>
	</datafield>
	<datafield ind1=" " ind2="1" tag="900">
		<subfield code="a">OCoLC</subfield>
		<subfield code="b">20110715</subfield>
		<subfield code="c">Droits réservés</subfield>
	</datafield>
	<datafield ind1=" " ind2=" " tag="900">
		<subfield code="a">noselfmerge</subfield>
	</datafield>
	<datafield ind1=" " ind2=" " tag="919">
		<subfield code="9">600 17</subfield>
		<subfield code="a">Scoppola, Pietro</subfield>
		<subfield code="2">chrero</subfield>
	</datafield>
	<datafield ind1=" " ind2=" " tag="956">
		<subfield code="a">frbcuc</subfield>
	</datafield>
</record>