

<record>
	<leader>01396nam a2200373 a 4500</leader>
	<controlfield tag="001">REROILS:171</controlfield>
	<controlfield tag="003">RERO</controlfield>
	<controlfield tag="005">20200711191300.0</controlfield>
	<controlfield tag="008">060105s1843    sz |||||| ||||00|| |ger d</controlfield>
	<datafield ind1=" " ind2=" " tag="035">
		<subfield code="a">R003968584</subfield>
	</datafield>
	<datafield ind1=" " ind2="7" tag="039">
		<subfield code="b">0045</subfield>
	</datafield>
	<datafield ind1=" " ind2="9" tag="039">
		<subfield code="a">202007111913</subfield>
		<subfield code="b">VLOAD</subfield>
		<subfield code="c">201808312058</subfield>
		<subfield code="d">VLOAD</subfield>
		<subfield code="c">201807051046</subfield>
		<subfield code="d">VLOAD</subfield>
		<subfield code="c">201803291058</subfield>
		<subfield code="d">VLOAD</subfield>
		<subfield code="y">200601051427</subfield>
		<subfield code="z">0045</subfield>
	</datafield>
	<datafield ind1=" " ind2=" " tag="040">
		<subfield code="a">RERO frbcuc</subfield>
	</datafield>
	<datafield ind1=" " ind2=" " tag="044">
		<subfield code="a">sz</subfield>
		<subfield code="c">ch-lu</subfield>
	</datafield>
	<datafield ind1=" " ind2="7" tag="072">
		<subfield code="a">s1th</subfield>
		<subfield code="2">rero</subfield>
	</datafield>
	<datafield ind1=" " ind2="7" tag="072">
		<subfield code="a">s2hm</subfield>
		<subfield code="2">rero</subfield>
	</datafield>
	<datafield ind1="1" ind2=" " tag="100">
		<subfield code="a">Sigrist, Georg,</subfield>
		<subfield code="d">1788-1866</subfield>
		<subfield code="4">cre</subfield>
		<subfield code="0">(IDREF)243986998</subfield>
	</datafield>
	<datafield ind1="1" ind2="0" tag="245">
		<subfield code="a">Bruder Klaus, oder des seligen Nikolaus von der Flue lehrreiche und wundervolle Lebensgeschichte /</subfield>
		<subfield code="c">herausgegeben von Georg Sigrist</subfield>
	</datafield>
	<datafield ind1=" " ind2="1" tag="264">
		<subfield code="a">Lucern :</subfield>
		<subfield code="b">Xaver Meyer :</subfield>
		<subfield code="b">Gebr. Räber,</subfield>
		<subfield code="c">1843</subfield>
	</datafield>
	<datafield ind1=" " ind2=" " tag="300">
		<subfield code="a">VI, 167 p. :</subfield>
		<subfield code="b">ill. d'une grav. en frontisp. ;</subfield>
		<subfield code="c">8° (18 cm)</subfield>
	</datafield>
	<datafield ind1=" " ind2=" " tag="336">
		<subfield code="b">txt</subfield>
		<subfield code="2">rdacontent</subfield>
	</datafield>
	<datafield ind1=" " ind2=" " tag="337">
		<subfield code="b">n</subfield>
		<subfield code="2">rdamedia</subfield>
	</datafield>
	<datafield ind1=" " ind2=" " tag="338">
		<subfield code="b">nc</subfield>
		<subfield code="2">rdacarrier</subfield>
	</datafield>
	<datafield ind1=" " ind2=" " tag="339">
		<subfield code="a">docmaintype_book</subfield>
		<subfield code="b">docsubtype_other_book</subfield>
	</datafield>
	<datafield ind1="0" ind2="7" tag="600">
		<subfield code="a">Nicolas</subfield>
		<subfield code="c">(de Flue ;</subfield>
		<subfield code="c">saint)</subfield>
		<subfield code="2">rero</subfield>
	</datafield>
	<datafield ind1=" " ind2="7" tag="655">
		<subfield code="a">[Biographies]</subfield>
		<subfield code="2">rero</subfield>
	</datafield>
	<datafield ind1=" " ind2=" " tag="752">
		<subfield code="d">Luzern (1450-1800, lieu d'édition ou d'impression)</subfield>
	</datafield>
	<datafield ind1=" " ind2=" " tag="900">
		<subfield code="a">swissbibnomerge</subfield>
	</datafield>
	<datafield ind1=" " ind2=" " tag="901">
		<subfield code="a">recatfr01</subfield>
	</datafield>
	<datafield ind1=" " ind2=" " tag="919">
		<subfield code="9">600 07</subfield>
		<subfield code="a">Nicolas</subfield>
		<subfield code="c">(de Flue ;</subfield>
		<subfield code="c">saint)</subfield>
		<subfield code="v">[biographie]</subfield>
		<subfield code="2">chrero</subfield>
	</datafield>
	<datafield ind1=" " ind2=" " tag="956">
		<subfield code="a">frbcuc</subfield>
	</datafield>
	<datafield ind1=" " ind2=" " tag="973">
		<subfield code="a">vsbcvs</subfield>
	</datafield>
	<datafield ind1=" " ind2=" " tag="980">
		<subfield code="2">brp</subfield>
		<subfield code="a">531.A.N.D.Nicolas de Flue</subfield>
	</datafield>
</record>