

<record>
	<leader>01195nas a2200385 a 4500</leader>
	<controlfield tag="001">REROILS:226</controlfield>
	<controlfield tag="003">RERO</controlfield>
	<controlfield tag="005">20190705133500.0</controlfield>
	<controlfield tag="008">890302c19509999ja |||p|| ||||0 || 0jpn d</controlfield>
	<datafield ind1=" " ind2=" " tag="022">
		<subfield code="a">0046-7413</subfield>
	</datafield>
	<datafield ind1=" " ind2=" " tag="035">
		<subfield code="a">1084908</subfield>
	</datafield>
	<datafield ind1=" " ind2="9" tag="039">
		<subfield code="a">201907051335</subfield>
		<subfield code="b">VLOAD</subfield>
		<subfield code="c">201811162326</subfield>
		<subfield code="d">VLOAD</subfield>
		<subfield code="c">201706102225</subfield>
		<subfield code="d">VLOAD</subfield>
		<subfield code="c">200812220146</subfield>
		<subfield code="d">VLOAD</subfield>
		<subfield code="y">1999022811190000</subfield>
		<subfield code="z">load</subfield>
	</datafield>
	<datafield ind1=" " ind2=" " tag="040">
		<subfield code="a">RERO gevcjb</subfield>
	</datafield>
	<datafield ind1="0" ind2=" " tag="041">
		<subfield code="a">jpn</subfield>
		<subfield code="a">eng</subfield>
	</datafield>
	<datafield ind1=" " ind2="7" tag="072">
		<subfield code="a">s1bo</subfield>
		<subfield code="2">rero</subfield>
	</datafield>
	<datafield ind1="1" ind2="0" tag="210">
		<subfield code="a">Hikobia.</subfield>
	</datafield>
	<datafield ind1="0" ind2="0" tag="245">
		<subfield code="a">Hikobia :</subfield>
		<subfield code="b">journal of the Hiroshima Botanical Club</subfield>
	</datafield>
	<datafield ind1=" " ind2="1" tag="264">
		<subfield code="a">Hiroshima :</subfield>
		<subfield code="b">Hiroshima Botanical Club,</subfield>
		<subfield code="c">1950-&gt;</subfield>
	</datafield>
	<datafield ind1=" " ind2=" " tag="300">
		<subfield code="c">21 [puis] 26 cm</subfield>
	</datafield>
	<datafield ind1=" " ind2=" " tag="310">
		<subfield code="a">Irrégulier</subfield>
	</datafield>
	<datafield ind1=" " ind2=" " tag="336">
		<subfield code="b">txt</subfield>
		<subfield code="2">rdacontent</subfield>
	</datafield>
	<datafield ind1=" " ind2=" " tag="337">
		<subfield code="b">n</subfield>
		<subfield code="2">rdamedia</subfield>
	</datafield>
	<datafield ind1=" " ind2=" " tag="338">
		<subfield code="b">nc</subfield>
		<subfield code="2">rdacarrier</subfield>
	</datafield>
	<datafield ind1=" " ind2=" " tag="339">
		<subfield code="a">docmaintype_serial</subfield>
	</datafield>
	<datafield ind1="0" ind2=" " tag="362">
		<subfield code="a">Vol. 1(1950/52)-&gt;</subfield>
	</datafield>
	<datafield ind1=" " ind2=" " tag="580">
		<subfield code="a">A pour suppl.: Hikobia. Supplement</subfield>
	</datafield>
	<datafield ind1=" " ind2="7" tag="650">
		<subfield code="a">Botanique</subfield>
		<subfield code="2">rero</subfield>
	</datafield>
	<datafield ind1=" " ind2="7" tag="655">
		<subfield code="a">[Périodiques]</subfield>
		<subfield code="2">rero</subfield>
	</datafield>
	<datafield ind1="2" ind2=" " tag="710">
		<subfield code="a">Hiroshima Botanical Club</subfield>
	</datafield>
	<datafield ind1="1" ind2=" " tag="770">
		<subfield code="t">Hikobia : journal of the Hiroshima Botanical Club. Supplement</subfield>
		<subfield code="w">REROILS:2000006</subfield>
	</datafield>
	<datafield ind1=" " ind2=" " tag="900">
		<subfield code="a">noselfmerge</subfield>
	</datafield>
	<datafield ind1=" " ind2=" " tag="919">
		<subfield code="9">650 _7</subfield>
		<subfield code="a">botanique</subfield>
		<subfield code="v">[périodique]</subfield>
		<subfield code="2">chrero</subfield>
	</datafield>
	<datafield ind1=" " ind2=" " tag="957">
		<subfield code="a">gevcjb</subfield>
	</datafield>
	<datafield ind1=" " ind2=" " tag="982">
		<subfield code="2">cdu-gevcjb</subfield>
		<subfield code="a">P(520)22</subfield>
	</datafield>
	<datafield ind1=" " ind2=" " tag="992">
		<subfield code="a">BOTP 1032</subfield>
		<subfield code="x">ge/vcjb/e/1953</subfield>
	</datafield>
</record>