

<record>
	<leader>01255nam a2200361 a 4500</leader>
	<controlfield tag="001">REROILS:50</controlfield>
	<controlfield tag="003">RERO</controlfield>
	<controlfield tag="005">20200226155000.0</controlfield>
	<controlfield tag="008">110720s2010    xxk||| |  ||||00|  |lat d</controlfield>
	<datafield ind1=" " ind2=" " tag="020">
		<subfield code="a">9780521540438 (PB)</subfield>
	</datafield>
	<datafield ind1=" " ind2=" " tag="035">
		<subfield code="a">R006107727</subfield>
	</datafield>
	<datafield ind1=" " ind2="7" tag="039">
		<subfield code="b">4301</subfield>
	</datafield>
	<datafield ind1=" " ind2="9" tag="039">
		<subfield code="a">202002261550</subfield>
		<subfield code="b">AUTHORITY</subfield>
		<subfield code="c">201809012012</subfield>
		<subfield code="d">VLOAD</subfield>
		<subfield code="c">201706110914</subfield>
		<subfield code="d">VLOAD</subfield>
		<subfield code="c">201408132224</subfield>
		<subfield code="d">VLOAD</subfield>
		<subfield code="y">201107201046</subfield>
		<subfield code="z">4301</subfield>
	</datafield>
	<datafield ind1=" " ind2=" " tag="040">
		<subfield code="a">RERO frbcuc</subfield>
	</datafield>
	<datafield ind1=" " ind2="7" tag="072">
		<subfield code="a">s1la</subfield>
		<subfield code="2">rero</subfield>
	</datafield>
	<datafield ind1="1" ind2=" " tag="100">
		<subfield code="a">Cicero, Marcus Tullius</subfield>
		<subfield code="4">cre</subfield>
	</datafield>
	<datafield ind1="1" ind2="0" tag="245">
		<subfield code="a">Catilinarians /</subfield>
		<subfield code="c">Cicero ; ed. by Andrew R. Dyck</subfield>
	</datafield>
	<datafield ind1=" " ind2=" " tag="250">
		<subfield code="a">3rd printing with corr.</subfield>
	</datafield>
	<datafield ind1=" " ind2="1" tag="264">
		<subfield code="a">Cambridge :</subfield>
		<subfield code="b">Cambridge University Press,</subfield>
		<subfield code="c">2010</subfield>
	</datafield>
	<datafield ind1=" " ind2=" " tag="300">
		<subfield code="a">282 p.</subfield>
	</datafield>
	<datafield ind1=" " ind2=" " tag="336">
		<subfield code="b">txt</subfield>
		<subfield code="2">rdacontent</subfield>
	</datafield>
	<datafield ind1=" " ind2=" " tag="337">
		<subfield code="b">n</subfield>
		<subfield code="2">rdamedia</subfield>
	</datafield>
	<datafield ind1=" " ind2=" " tag="338">
		<subfield code="b">nc</subfield>
		<subfield code="2">rdacarrier</subfield>
	</datafield>
	<datafield ind1=" " ind2=" " tag="339">
		<subfield code="a">docmaintype_book</subfield>
		<subfield code="b">docsubtype_other_book</subfield>
	</datafield>
	<datafield ind1="0" ind2=" " tag="490">
		<subfield code="a">Cambridge Greek and Latin classics</subfield>
	</datafield>
	<datafield ind1="0" ind2="7" tag="600">
		<subfield code="a">Ciceron.</subfield>
		<subfield code="t">Catilinaires</subfield>
		<subfield code="2">rero</subfield>
		<subfield code="0">(IDREF)127631763</subfield>
	</datafield>
	<datafield ind1=" " ind2="7" tag="655">
		<subfield code="a">[Commentaires]</subfield>
		<subfield code="2">rero</subfield>
	</datafield>
	<datafield ind1="1" ind2=" " tag="700">
		<subfield code="a">Dyck, Andrew R.</subfield>
		<subfield code="q">(Andrew Roy),</subfield>
		<subfield code="d">1947-</subfield>
		<subfield code="0">(IDREF)074540394</subfield>
	</datafield>
	<datafield ind1=" " ind2=" " tag="900">
		<subfield code="a">noselfmerge</subfield>
	</datafield>
	<datafield ind1=" " ind2=" " tag="904">
		<subfield code="a">neubflna</subfield>
		<subfield code="b">2011/07</subfield>
		<subfield code="c">ac</subfield>
	</datafield>
	<datafield ind1=" " ind2=" " tag="919">
		<subfield code="9">600 07</subfield>
		<subfield code="a">Cicéron.</subfield>
		<subfield code="t">&quot;Catilinaires&quot;</subfield>
		<subfield code="v">[commentaire]</subfield>
		<subfield code="2">chrero</subfield>
	</datafield>
	<datafield ind1=" " ind2=" " tag="984">
		<subfield code="2">cdu-neubfl-ac</subfield>
		<subfield code="a">871CICE7Cat</subfield>
	</datafield>
</record>