

<record>
	<leader>01040naa a22002897a 4500</leader>
	<controlfield tag="001">REROILS:130</controlfield>
	<controlfield tag="003">RERO</controlfield>
	<controlfield tag="005">20180704102600.0</controlfield>
	<controlfield tag="008">020320s1962    sz |||||| ||||10|| |ger d</controlfield>
	<datafield ind1=" " ind2=" " tag="035">
		<subfield code="a">R003167825</subfield>
	</datafield>
	<datafield ind1=" " ind2="9" tag="039">
		<subfield code="a">201807041026</subfield>
		<subfield code="b">VLOAD</subfield>
		<subfield code="c">201705181435</subfield>
		<subfield code="d">VLOAD</subfield>
		<subfield code="c">200812210848</subfield>
		<subfield code="d">VLOAD</subfield>
		<subfield code="c">200203251749</subfield>
		<subfield code="d">0999</subfield>
		<subfield code="y">200203201604</subfield>
		<subfield code="z">0132</subfield>
	</datafield>
	<datafield ind1=" " ind2=" " tag="040">
		<subfield code="a">RERO frbcuc</subfield>
	</datafield>
	<datafield ind1=" " ind2=" " tag="044">
		<subfield code="a">sz</subfield>
		<subfield code="c">ch-be</subfield>
	</datafield>
	<datafield ind1=" " ind2="7" tag="072">
		<subfield code="a">s1se</subfield>
		<subfield code="2">rero</subfield>
	</datafield>
	<datafield ind1="1" ind2=" " tag="100">
		<subfield code="a">Wegenstein, Willy O</subfield>
		<subfield code="4">cre</subfield>
	</datafield>
	<datafield ind1="1" ind2="0" tag="245">
		<subfield code="a">Von Unternehmer zu Unternehmer :</subfield>
		<subfield code="b">Rapport über die Unternehmertagung 1962 /</subfield>
		<subfield code="c">Willy O. Wegenstein</subfield>
	</datafield>
	<datafield ind1=" " ind2="1" tag="264">
		<subfield code="a">Bern :</subfield>
		<subfield code="b">P. Haupt,</subfield>
		<subfield code="c">1962</subfield>
	</datafield>
	<datafield ind1=" " ind2=" " tag="300">
		<subfield code="a">32 S. ;</subfield>
		<subfield code="c">21 cm</subfield>
	</datafield>
	<datafield ind1=" " ind2=" " tag="336">
		<subfield code="b">txt</subfield>
		<subfield code="2">rdacontent</subfield>
	</datafield>
	<datafield ind1=" " ind2=" " tag="337">
		<subfield code="b">n</subfield>
		<subfield code="2">rdamedia</subfield>
	</datafield>
	<datafield ind1=" " ind2=" " tag="338">
		<subfield code="b">nc</subfield>
		<subfield code="2">rdacarrier</subfield>
	</datafield>
	<datafield ind1=" " ind2=" " tag="339">
		<subfield code="a">docmaintype_article</subfield>
	</datafield>
	<datafield ind1="1" ind2=" " tag="490">
		<subfield code="a">Wirkungsvolles Management : eine Schriftenreihe für Unternehmer und ihre leitenden Mitarbeiter</subfield>
		<subfield code="v">H. 3</subfield>
	</datafield>
	<datafield ind1=" " ind2="0" tag="830">
		<subfield code="a">Wirkungsvolles Management : eine Schriftenreihe für Unternehmer und ihre leitenden Mitarbeiter</subfield>
		<subfield code="v">3</subfield>
		<subfield code="w">REROILS:148</subfield>
	</datafield>
	<datafield ind1=" " ind2=" " tag="900">
		<subfield code="a">noselfmerge</subfield>
	</datafield>
	<datafield ind1=" " ind2=" " tag="956">
		<subfield code="a">frbcuc</subfield>
	</datafield>
	<datafield ind1=" " ind2=" " tag="981">
		<subfield code="2">ISES</subfield>
		<subfield code="a">K-04</subfield>
	</datafield>
</record>