

<record>
	<leader>00848nas a2200289 a 4500</leader>
	<controlfield tag="001">REROILS:79</controlfield>
	<controlfield tag="003">RERO</controlfield>
	<controlfield tag="005">20170517141600.0</controlfield>
	<controlfield tag="008">911107c1984    gw |||m|| ||||0 || 0ger d</controlfield>
	<datafield ind1=" " ind2=" " tag="035">
		<subfield code="a">1450552</subfield>
	</datafield>
	<datafield ind1=" " ind2="9" tag="039">
		<subfield code="a">201705171416</subfield>
		<subfield code="b">VLOAD</subfield>
		<subfield code="c">200812221054</subfield>
		<subfield code="d">VLOAD</subfield>
		<subfield code="c">200605280504</subfield>
		<subfield code="d">VLOAD</subfield>
		<subfield code="y">1999022819530000</subfield>
		<subfield code="z">load</subfield>
	</datafield>
	<datafield ind1=" " ind2=" " tag="040">
		<subfield code="a">RERO geulsa</subfield>
	</datafield>
	<datafield ind1="0" ind2=" " tag="041">
		<subfield code="a">ger</subfield>
		<subfield code="a">akk</subfield>
	</datafield>
	<datafield ind1=" " ind2="7" tag="072">
		<subfield code="a">s1or</subfield>
		<subfield code="2">rero</subfield>
	</datafield>
	<datafield ind1="0" ind2="0" tag="245">
		<subfield code="a">Altassyrische Texte und Untersuchungen</subfield>
	</datafield>
	<datafield ind1=" " ind2="1" tag="264">
		<subfield code="a">Wiesbaden :</subfield>
		<subfield code="b">F. Steiner,</subfield>
		<subfield code="c">1984-&gt;</subfield>
	</datafield>
	<datafield ind1=" " ind2=" " tag="300">
		<subfield code="c">24 cm</subfield>
	</datafield>
	<datafield ind1=" " ind2=" " tag="336">
		<subfield code="b">txt</subfield>
		<subfield code="2">rdacontent</subfield>
	</datafield>
	<datafield ind1=" " ind2=" " tag="337">
		<subfield code="b">n</subfield>
		<subfield code="2">rdamedia</subfield>
	</datafield>
	<datafield ind1=" " ind2=" " tag="338">
		<subfield code="b">nc</subfield>
		<subfield code="2">rdacarrier</subfield>
	</datafield>
	<datafield ind1=" " ind2=" " tag="339">
		<subfield code="a">docmaintype_series</subfield>
	</datafield>
	<datafield ind1=" " ind2=" " tag="580">
		<subfield code="a">Beihefte zu: Freiburger altorientalische Studien</subfield>
	</datafield>
	<datafield ind1="1" ind2=" " tag="772">
		<subfield code="t">Freiburger altorientalische Studien</subfield>
		<subfield code="w">REROILS:2000007</subfield>
	</datafield>
	<datafield ind1=" " ind2=" " tag="900">
		<subfield code="a">noselfmerge</subfield>
	</datafield>
	<datafield ind1=" " ind2=" " tag="957">
		<subfield code="a">geulsa</subfield>
	</datafield>
	<datafield ind1=" " ind2=" " tag="982">
		<subfield code="2">ge-ulsa</subfield>
		<subfield code="a">OC:Coll FAOS Beih</subfield>
	</datafield>
	<datafield ind1=" " ind2=" " tag="992">
		<subfield code="a">BFLA 51995</subfield>
		<subfield code="x">ge/ulsa/a</subfield>
	</datafield>
</record>