

<record>
	<leader>01059nam a2200361 a 4500</leader>
	<controlfield tag="001">REROILS:186</controlfield>
	<controlfield tag="003">RERO</controlfield>
	<controlfield tag="005">20170705194000.0</controlfield>
	<controlfield tag="008">000912s1999    fr ||| |  ||||00|  |fre d</controlfield>
	<datafield ind1=" " ind2=" " tag="020">
		<subfield code="a">9782070407866</subfield>
	</datafield>
	<datafield ind1=" " ind2=" " tag="035">
		<subfield code="a">R266402260</subfield>
	</datafield>
	<datafield ind1=" " ind2=" " tag="039">
		<subfield code="b">7365</subfield>
	</datafield>
	<datafield ind1=" " ind2="9" tag="039">
		<subfield code="a">201707051940</subfield>
		<subfield code="b">VLOAD</subfield>
		<subfield code="c">201705181018</subfield>
		<subfield code="d">VLOAD</subfield>
		<subfield code="c">200812221313</subfield>
		<subfield code="d">VLOAD</subfield>
		<subfield code="c">200812211904</subfield>
		<subfield code="d">VLOAD</subfield>
		<subfield code="y">200009121535</subfield>
		<subfield code="z">VLOAD</subfield>
	</datafield>
	<datafield ind1=" " ind2=" " tag="040">
		<subfield code="a">RERO geulfr</subfield>
	</datafield>
	<datafield ind1=" " ind2="7" tag="072">
		<subfield code="a">s1fr</subfield>
		<subfield code="2">rero</subfield>
	</datafield>
	<datafield ind1="1" ind2=" " tag="100">
		<subfield code="a">Deguy, Michel,</subfield>
		<subfield code="d">1930-</subfield>
		<subfield code="4">cre</subfield>
		<subfield code="0">(IDREF)026817756</subfield>
	</datafield>
	<datafield ind1="1" ind2="0" tag="245">
		<subfield code="a">Gisants :</subfield>
		<subfield code="b">poèmes III : 1980-1995 /</subfield>
		<subfield code="c">Michel Deguy ; préf. d'Andrea Zanzotto</subfield>
	</datafield>
	<datafield ind1=" " ind2="1" tag="264">
		<subfield code="a">[Paris] :</subfield>
		<subfield code="b">Gallimard,</subfield>
		<subfield code="c">1999</subfield>
	</datafield>
	<datafield ind1=" " ind2=" " tag="300">
		<subfield code="a">238 p. ;</subfield>
		<subfield code="c">22 cm</subfield>
	</datafield>
	<datafield ind1=" " ind2=" " tag="336">
		<subfield code="b">txt</subfield>
		<subfield code="2">rdacontent</subfield>
	</datafield>
	<datafield ind1=" " ind2=" " tag="337">
		<subfield code="b">n</subfield>
		<subfield code="2">rdamedia</subfield>
	</datafield>
	<datafield ind1=" " ind2=" " tag="338">
		<subfield code="b">nc</subfield>
		<subfield code="2">rdacarrier</subfield>
	</datafield>
	<datafield ind1=" " ind2=" " tag="339">
		<subfield code="a">docmaintype_book</subfield>
		<subfield code="b">docsubtype_other_book</subfield>
	</datafield>
	<datafield ind1="1" ind2=" " tag="490">
		<subfield code="a">Poésie</subfield>
		<subfield code="v">331</subfield>
	</datafield>
	<datafield ind1="1" ind2=" " tag="700">
		<subfield code="a">Zanzotto, Andrea</subfield>
	</datafield>
	<datafield ind1=" " ind2="0" tag="830">
		<subfield code="a">Poésie.</subfield>
		<subfield code="p">Gallimard</subfield>
		<subfield code="v">331</subfield>
		<subfield code="w">REROILS:2000008</subfield>
	</datafield>
	<datafield ind1=" " ind2=" " tag="900">
		<subfield code="a">noselfmerge</subfield>
	</datafield>
	<datafield ind1=" " ind2=" " tag="902">
		<subfield code="a">geulfr</subfield>
		<subfield code="b">2000/03</subfield>
	</datafield>
	<datafield ind1=" " ind2=" " tag="904">
		<subfield code="a">bpunfar</subfield>
		<subfield code="b">0203</subfield>
		<subfield code="c">7</subfield>
	</datafield>
	<datafield ind1=" " ind2=" " tag="957">
		<subfield code="a">geulfr</subfield>
	</datafield>
	<datafield ind1=" " ind2=" " tag="962">
		<subfield code="a">nebpun</subfield>
	</datafield>
	<datafield ind1=" " ind2=" " tag="982">
		<subfield code="2">ge-ulfr</subfield>
		<subfield code="a">20/TEc DEGU 7*Gis</subfield>
	</datafield>
	<datafield ind1=" " ind2=" " tag="994">
		<subfield code="a">FP 8910</subfield>
		<subfield code="x">ne/bpun/a/2002/579</subfield>
	</datafield>
</record>