

<record>
	<leader>01304nam a2200385 a 4500</leader>
	<controlfield tag="001">REROILS:58</controlfield>
	<controlfield tag="003">RERO</controlfield>
	<controlfield tag="005">20180828105700.0</controlfield>
	<controlfield tag="008">000912s1997    sw ||| |  ||||00|  |eng d</controlfield>
	<datafield ind1=" " ind2=" " tag="020">
		<subfield code="a">9789514578571</subfield>
	</datafield>
	<datafield ind1=" " ind2=" " tag="035">
		<subfield code="a">R266402460</subfield>
	</datafield>
	<datafield ind1=" " ind2=" " tag="039">
		<subfield code="b">6304i</subfield>
	</datafield>
	<datafield ind1=" " ind2="9" tag="039">
		<subfield code="a">201808281057</subfield>
		<subfield code="b">VLOAD</subfield>
		<subfield code="c">201706111106</subfield>
		<subfield code="d">VLOAD</subfield>
		<subfield code="c">200812220528</subfield>
		<subfield code="d">VLOAD</subfield>
		<subfield code="c">200406160547</subfield>
		<subfield code="d">VLOAD</subfield>
		<subfield code="y">200009121535</subfield>
		<subfield code="z">VLOAD</subfield>
	</datafield>
	<datafield ind1=" " ind2=" " tag="040">
		<subfield code="a">RERO gevcjb</subfield>
	</datafield>
	<datafield ind1=" " ind2="7" tag="072">
		<subfield code="a">s1bo</subfield>
		<subfield code="2">rero</subfield>
	</datafield>
	<datafield ind1="1" ind2=" " tag="100">
		<subfield code="a">Ahola, Tero</subfield>
		<subfield code="4">cre</subfield>
	</datafield>
	<datafield ind1="1" ind2="0" tag="245">
		<subfield code="a">Semliki forest virus RNA capping enzyme /</subfield>
		<subfield code="c">Tero Ahola</subfield>
	</datafield>
	<datafield ind1=" " ind2="1" tag="264">
		<subfield code="a">Helsinki :</subfield>
		<subfield code="b">University of Helsinky - Institute of Biotechnology,</subfield>
		<subfield code="c">1997</subfield>
	</datafield>
	<datafield ind1=" " ind2=" " tag="300">
		<subfield code="a">58, [22] p. :</subfield>
		<subfield code="b">ill. ;</subfield>
		<subfield code="c">25 cm</subfield>
	</datafield>
	<datafield ind1=" " ind2=" " tag="336">
		<subfield code="b">txt</subfield>
		<subfield code="2">rdacontent</subfield>
	</datafield>
	<datafield ind1=" " ind2=" " tag="337">
		<subfield code="b">n</subfield>
		<subfield code="2">rdamedia</subfield>
	</datafield>
	<datafield ind1=" " ind2=" " tag="338">
		<subfield code="b">nc</subfield>
		<subfield code="2">rdacarrier</subfield>
	</datafield>
	<datafield ind1=" " ind2=" " tag="339">
		<subfield code="a">docmaintype_book</subfield>
		<subfield code="b">docsubtype_thesis</subfield>
	</datafield>
	<datafield ind1="1" ind2=" " tag="490">
		<subfield code="a">Dissertationes biocentri viikki universitatis helsingiensis</subfield>
		<subfield code="v">9/1997</subfield>
	</datafield>
	<datafield ind1=" " ind2=" " tag="502">
		<subfield code="a">Acad. diss. Microbiol. Helsinki, 1997</subfield>
	</datafield>
	<datafield ind1=" " ind2="7" tag="650">
		<subfield code="a">Chimie organique</subfield>
		<subfield code="2">rero</subfield>
	</datafield>
	<datafield ind1=" " ind2="7" tag="650">
		<subfield code="a">Virus</subfield>
		<subfield code="2">rero</subfield>
	</datafield>
	<datafield ind1=" " ind2="7" tag="650">
		<subfield code="a">Forêts</subfield>
		<subfield code="2">rero</subfield>
	</datafield>
	<datafield ind1=" " ind2="0" tag="830">
		<subfield code="a">Dissertationes biocentri viikki universitatis helsingiensis</subfield>
		<subfield code="v">9/1997</subfield>
		<subfield code="w">REROILS:2000009</subfield>
	</datafield>
	<datafield ind1=" " ind2=" " tag="900">
		<subfield code="a">noselfmerge</subfield>
	</datafield>
	<datafield ind1=" " ind2=" " tag="902">
		<subfield code="a">gevcjb</subfield>
		<subfield code="b">2000/03</subfield>
	</datafield>
	<datafield ind1=" " ind2=" " tag="919">
		<subfield code="9">650 _7</subfield>
		<subfield code="a">chimie organique</subfield>
		<subfield code="x">forêt</subfield>
		<subfield code="x">virus</subfield>
		<subfield code="2">chrero</subfield>
	</datafield>
	<datafield ind1=" " ind2=" " tag="957">
		<subfield code="a">gevcjb</subfield>
	</datafield>
	<datafield ind1=" " ind2=" " tag="982">
		<subfield code="2">cdu-gevcjb</subfield>
		<subfield code="a">632.3 Aho</subfield>
	</datafield>
	<datafield ind1=" " ind2=" " tag="992">
		<subfield code="a">BOTA 11826/9</subfield>
		<subfield code="x">ge/vcjb/d/98/168</subfield>
	</datafield>
</record>