

<record>
	<leader>00710nas a2200241 a 4500</leader>
	<controlfield tag="001">REROILS:170</controlfield>
	<controlfield tag="003">RERO</controlfield>
	<controlfield tag="005">20190705133100.0</controlfield>
	<controlfield tag="008">881006c19759999xxu|||m|| ||||0 || 0eng d</controlfield>
	<datafield ind1=" " ind2=" " tag="035">
		<subfield code="a">1026243</subfield>
	</datafield>
	<datafield ind1=" " ind2="9" tag="039">
		<subfield code="a">201907051331</subfield>
		<subfield code="b">VLOAD</subfield>
		<subfield code="c">201705170925</subfield>
		<subfield code="d">VLOAD</subfield>
		<subfield code="c">200605291304</subfield>
		<subfield code="d">VLOAD</subfield>
		<subfield code="y">1999022809560000</subfield>
		<subfield code="z">load</subfield>
	</datafield>
	<datafield ind1=" " ind2=" " tag="040">
		<subfield code="a">RERO labcud</subfield>
	</datafield>
	<datafield ind1=" " ind2="7" tag="072">
		<subfield code="a">s1th</subfield>
		<subfield code="2">rero</subfield>
	</datafield>
	<datafield ind1="0" ind2="0" tag="245">
		<subfield code="a">Bibliotheca Maimonidica :</subfield>
		<subfield code="b">texts, studies and translations in Maimonidean thought and scholarship</subfield>
	</datafield>
	<datafield ind1=" " ind2="1" tag="264">
		<subfield code="a">New York :</subfield>
		<subfield code="b">Ktav Publ.,</subfield>
		<subfield code="c">1975-&gt;</subfield>
	</datafield>
	<datafield ind1=" " ind2=" " tag="300">
		<subfield code="c">24 cm</subfield>
	</datafield>
	<datafield ind1=" " ind2=" " tag="336">
		<subfield code="b">txt</subfield>
		<subfield code="2">rdacontent</subfield>
	</datafield>
	<datafield ind1=" " ind2=" " tag="337">
		<subfield code="b">n</subfield>
		<subfield code="2">rdamedia</subfield>
	</datafield>
	<datafield ind1=" " ind2=" " tag="338">
		<subfield code="b">nc</subfield>
		<subfield code="2">rdacarrier</subfield>
	</datafield>
	<datafield ind1=" " ind2=" " tag="339">
		<subfield code="a">docmaintype_series</subfield>
	</datafield>
	<datafield ind1="0" ind2=" " tag="362">
		<subfield code="a">Vol. 1-&gt;</subfield>
	</datafield>
	<datafield ind1=" " ind2=" " tag="900">
		<subfield code="a">noselfmerge</subfield>
	</datafield>
	<datafield ind1=" " ind2=" " tag="900">
		<subfield code="a">reroslsp</subfield>
	</datafield>
</record>