

<record>
	<leader>00917nam a22002772a 4500</leader>
	<controlfield tag="001">REROILS:119</controlfield>
	<controlfield tag="003">RERO</controlfield>
	<controlfield tag="005">20170519115400.0</controlfield>
	<controlfield tag="008">060320s1977    gw ||| |  ||||00|  |ger d</controlfield>
	<datafield ind1=" " ind2=" " tag="020">
		<subfield code="a">9783880970748</subfield>
	</datafield>
	<datafield ind1=" " ind2=" " tag="035">
		<subfield code="a">R004093020</subfield>
	</datafield>
	<datafield ind1=" " ind2="9" tag="039">
		<subfield code="a">201705191154</subfield>
		<subfield code="b">VLOAD</subfield>
		<subfield code="c">200812221527</subfield>
		<subfield code="d">VLOAD</subfield>
		<subfield code="c">200603201153</subfield>
		<subfield code="d">6224</subfield>
		<subfield code="y">200603201150</subfield>
		<subfield code="z">6224</subfield>
	</datafield>
	<datafield ind1=" " ind2=" " tag="040">
		<subfield code="a">RERO gevbaa</subfield>
	</datafield>
	<datafield ind1=" " ind2="7" tag="072">
		<subfield code="a">s1ba</subfield>
		<subfield code="2">rero</subfield>
	</datafield>
	<datafield ind1="1" ind2=" " tag="100">
		<subfield code="a">Kraft, Hartmut</subfield>
		<subfield code="4">cre</subfield>
	</datafield>
	<datafield ind1="1" ind2="0" tag="245">
		<subfield code="a">Dialoge mit Joseph Beuys, Rolf Escher, Klaus Fussmann, Rolf Iseli, Axel Knopp, Dieter Roth, Reiner Ruthenbeck, Bernard Schultze, Ursula /</subfield>
		<subfield code="c">Hartmut Kraft</subfield>
	</datafield>
	<datafield ind1=" " ind2="1" tag="264">
		<subfield code="a">Köln :</subfield>
		<subfield code="b">H. Braun,</subfield>
		<subfield code="c">1977</subfield>
	</datafield>
	<datafield ind1=" " ind2=" " tag="300">
		<subfield code="a">[31] f. doubles :</subfield>
		<subfield code="b">ill. en noir et en coul. ;</subfield>
		<subfield code="c">35 cm</subfield>
	</datafield>
	<datafield ind1=" " ind2=" " tag="336">
		<subfield code="b">txt</subfield>
		<subfield code="2">rdacontent</subfield>
	</datafield>
	<datafield ind1=" " ind2=" " tag="337">
		<subfield code="b">n</subfield>
		<subfield code="2">rdamedia</subfield>
	</datafield>
	<datafield ind1=" " ind2=" " tag="338">
		<subfield code="b">nc</subfield>
		<subfield code="2">rdacarrier</subfield>
	</datafield>
	<datafield ind1=" " ind2=" " tag="339">
		<subfield code="a">docmaintype_book</subfield>
		<subfield code="b">docsubtype_other_book</subfield>
	</datafield>
	<datafield ind1=" " ind2=" " tag="500">
		<subfield code="a">Biogr.</subfield>
	</datafield>
	<datafield ind1=" " ind2=" " tag="900">
		<subfield code="a">noselfmerge</subfield>
	</datafield>
	<datafield ind1=" " ind2=" " tag="957">
		<subfield code="a">gevbaa</subfield>
	</datafield>
	<datafield ind1=" " ind2=" " tag="992">
		<subfield code="a">BAA JK F 1</subfield>
		<subfield code="x">ge/vbaa/a/80/163</subfield>
	</datafield>
</record>