

<record>
	<leader>01043nas a22002777a 4500</leader>
	<controlfield tag="001">REROILS:205</controlfield>
	<controlfield tag="003">RERO</controlfield>
	<controlfield tag="005">20170515145900.0</controlfield>
	<controlfield tag="008">960525u        xx |||m|| ||||0 || 0und d</controlfield>
	<datafield ind1=" " ind2=" " tag="022">
		<subfield code="a">0531-7398</subfield>
	</datafield>
	<datafield ind1=" " ind2=" " tag="035">
		<subfield code="a">0038070</subfield>
	</datafield>
	<datafield ind1=" " ind2="9" tag="039">
		<subfield code="a">201705151459</subfield>
		<subfield code="b">VLOAD</subfield>
		<subfield code="c">200605271241</subfield>
		<subfield code="d">VLOAD</subfield>
		<subfield code="y">1999022710490000</subfield>
		<subfield code="z">load</subfield>
	</datafield>
	<datafield ind1=" " ind2=" " tag="040">
		<subfield code="a">RERO</subfield>
	</datafield>
	<datafield ind1="0" ind2="0" tag="245">
		<subfield code="a">Europäische Hochschulschriften.</subfield>
		<subfield code="p">Reihe 11, Pädagogik =</subfield>
		<subfield code="b">Publications universitaires européennes. Série 11, Pédagogie = European university papers. Series 11, Education</subfield>
	</datafield>
	<datafield ind1="3" ind2=" " tag="246">
		<subfield code="a">Publications universitaires européennes.</subfield>
		<subfield code="p">Série 11, Pédagogie</subfield>
	</datafield>
	<datafield ind1="3" ind2=" " tag="246">
		<subfield code="a">European university papers.</subfield>
		<subfield code="p">Series 11, Education</subfield>
	</datafield>
	<datafield ind1="3" ind2=" " tag="246">
		<subfield code="a">European university studies.</subfield>
		<subfield code="p">Series 11, Education</subfield>
	</datafield>
	<datafield ind1=" " ind2="1" tag="264">
		<subfield code="a">Frankfurt a.M. ;</subfield>
		<subfield code="a">Bern [etc.] :</subfield>
		<subfield code="b">P. Lang</subfield>
	</datafield>
	<datafield ind1=" " ind2=" " tag="300">
		<subfield code="c">21 cm</subfield>
	</datafield>
	<datafield ind1=" " ind2=" " tag="336">
		<subfield code="b">txt</subfield>
		<subfield code="2">rdacontent</subfield>
	</datafield>
	<datafield ind1=" " ind2=" " tag="337">
		<subfield code="b">n</subfield>
		<subfield code="2">rdamedia</subfield>
	</datafield>
	<datafield ind1=" " ind2=" " tag="338">
		<subfield code="b">nc</subfield>
		<subfield code="2">rdacarrier</subfield>
	</datafield>
	<datafield ind1=" " ind2=" " tag="339">
		<subfield code="a">docmaintype_series</subfield>
	</datafield>
	<datafield ind1=" " ind2=" " tag="500">
		<subfield code="a">S'intitule également: European university studies. Series 11, Education</subfield>
	</datafield>
	<datafield ind1=" " ind2=" " tag="900">
		<subfield code="a">noselfmerge</subfield>
	</datafield>
	<datafield ind1=" " ind2=" " tag="900">
		<subfield code="a">reroslsp</subfield>
	</datafield>
</record>