

<record>
	<leader>02034nam a2200565 a 4500</leader>
	<controlfield tag="001">REROILS:131</controlfield>
	<controlfield tag="003">RERO</controlfield>
	<controlfield tag="005">20200713011700.0</controlfield>
	<controlfield tag="008">000714s1987    sz |||||| ||||00|| |ger d</controlfield>
	<datafield ind1=" " ind2=" " tag="020">
		<subfield code="c">Fr. 280.- für die Bände 3/1, 3/2 und 5/1.</subfield>
	</datafield>
	<datafield ind1=" " ind2=" " tag="035">
		<subfield code="a">0823464</subfield>
	</datafield>
	<datafield ind1=" " ind2="9" tag="039">
		<subfield code="a">202007130117</subfield>
		<subfield code="b">VLOAD</subfield>
		<subfield code="c">202001211345</subfield>
		<subfield code="d">VLOAD</subfield>
		<subfield code="c">201804191033</subfield>
		<subfield code="d">VLOAD</subfield>
		<subfield code="c">201706101530</subfield>
		<subfield code="d">VLOAD</subfield>
		<subfield code="y">1999022805120000</subfield>
		<subfield code="z">load</subfield>
	</datafield>
	<datafield ind1=" " ind2=" " tag="040">
		<subfield code="a">RERO neubfd</subfield>
	</datafield>
	<datafield ind1=" " ind2="7" tag="072">
		<subfield code="a">s1dr</subfield>
		<subfield code="2">rero</subfield>
	</datafield>
	<datafield ind1="0" ind2="0" tag="245">
		<subfield code="a">Bundesgerichtspraxis in Steuersachen.</subfield>
		<subfield code="n">Teil 1,</subfield>
		<subfield code="p">1875-1960</subfield>
	</datafield>
	<datafield ind1=" " ind2="1" tag="264">
		<subfield code="a">Beckenried :</subfield>
		<subfield code="b">LIfA-Verlag,</subfield>
		<subfield code="c">[1987]</subfield>
	</datafield>
	<datafield ind1=" " ind2="4" tag="264">
		<subfield code="c">© 1987</subfield>
	</datafield>
	<datafield ind1=" " ind2=" " tag="300">
		<subfield code="a">XV, 814 S. ;</subfield>
		<subfield code="c">23 cm</subfield>
	</datafield>
	<datafield ind1=" " ind2=" " tag="336">
		<subfield code="b">txt</subfield>
		<subfield code="2">rdacontent</subfield>
	</datafield>
	<datafield ind1=" " ind2=" " tag="337">
		<subfield code="b">n</subfield>
		<subfield code="2">rdamedia</subfield>
	</datafield>
	<datafield ind1=" " ind2=" " tag="338">
		<subfield code="b">nc</subfield>
		<subfield code="2">rdacarrier</subfield>
	</datafield>
	<datafield ind1=" " ind2=" " tag="339">
		<subfield code="a">docmaintype_book</subfield>
		<subfield code="b">docsubtype_other_book</subfield>
	</datafield>
	<datafield ind1="1" ind2=" " tag="490">
		<subfield code="a">Bibliographie des schweizerischen Steuerrechts / Arthur Glanzmann</subfield>
		<subfield code="v">Bd. 3,1</subfield>
	</datafield>
	<datafield ind1=" " ind2="7" tag="650">
		<subfield code="a">Droit fiscal</subfield>
		<subfield code="2">rero</subfield>
	</datafield>
	<datafield ind1=" " ind2="7" tag="650">
		<subfield code="a">1875-1960</subfield>
		<subfield code="2">rero</subfield>
	</datafield>
	<datafield ind1=" " ind2="7" tag="651">
		<subfield code="a">Suisse</subfield>
		<subfield code="2">rero</subfield>
		<subfield code="0">(IDREF)027249654</subfield>
	</datafield>
	<datafield ind1=" " ind2="7" tag="655">
		<subfield code="a">[Bibliographie]</subfield>
		<subfield code="2">rero</subfield>
	</datafield>
	<datafield ind1="1" ind2=" " tag="800">
		<subfield code="a">Glanzmann, Arthur. -</subfield>
		<subfield code="t">Bibliographie des schweizerischen Steuerrechts</subfield>
		<subfield code="v">3,1</subfield>
	</datafield>
	<datafield ind1=" " ind2="0" tag="830">
		<subfield code="a">Bundesgerichtspraxis in Steuersachen</subfield>
		<subfield code="v">1</subfield>
		<subfield code="w">REROILS:2000011</subfield>
	</datafield>
	<datafield ind1=" " ind2=" " tag="900">
		<subfield code="a">bds87</subfield>
		<subfield code="n">87/441</subfield>
	</datafield>
	<datafield ind1=" " ind2=" " tag="900">
		<subfield code="a">noselfmerge</subfield>
	</datafield>
	<datafield ind1=" " ind2=" " tag="919">
		<subfield code="9">650 _7</subfield>
		<subfield code="a">droit fiscal</subfield>
		<subfield code="z">Suisse</subfield>
		<subfield code="y">1875 / 1960</subfield>
		<subfield code="v">[bibliographie]</subfield>
		<subfield code="2">chrero</subfield>
	</datafield>
	<datafield ind1=" " ind2=" " tag="953">
		<subfield code="a">ifisdc</subfield>
	</datafield>
	<datafield ind1=" " ind2=" " tag="956">
		<subfield code="a">frbcuc frvtcf</subfield>
	</datafield>
	<datafield ind1=" " ind2=" " tag="957">
		<subfield code="a">geubfd</subfield>
	</datafield>
	<datafield ind1=" " ind2=" " tag="960">
		<subfield code="a">jutc--</subfield>
	</datafield>
	<datafield ind1=" " ind2=" " tag="962">
		<subfield code="a">netcne neubfd</subfield>
	</datafield>
	<datafield ind1=" " ind2=" " tag="973">
		<subfield code="a">vsbcvs vstcvs</subfield>
	</datafield>
	<datafield ind1=" " ind2=" " tag="980">
		<subfield code="2">dr-sys</subfield>
		<subfield code="a">CA/CH 54 a</subfield>
	</datafield>
	<datafield ind1=" " ind2=" " tag="981">
		<subfield code="2">FSES</subfield>
		<subfield code="a">XK</subfield>
	</datafield>
	<datafield ind1=" " ind2=" " tag="981">
		<subfield code="2">CDU</subfield>
		<subfield code="a">(016):34</subfield>
	</datafield>
	<datafield ind1=" " ind2=" " tag="982">
		<subfield code="2">dr-geubfd</subfield>
		<subfield code="a">CA/CH 54 a GLAN 1985</subfield>
	</datafield>
	<datafield ind1=" " ind2=" " tag="983">
		<subfield code="2">isdc</subfield>
		<subfield code="a">CA/CH 54 a GLAN 1985</subfield>
	</datafield>
	<datafield ind1=" " ind2=" " tag="984">
		<subfield code="2">dr-netcne</subfield>
		<subfield code="a">CA/CH 54 a GLAN 1985/1987</subfield>
	</datafield>
	<datafield ind1=" " ind2=" " tag="984">
		<subfield code="2">dr-neubfd</subfield>
		<subfield code="a">CA/CH 54 a GLAN</subfield>
	</datafield>
	<datafield ind1=" " ind2=" " tag="986">
		<subfield code="2">dr-vs</subfield>
		<subfield code="a">CA/CH 54 a GLAN 1985/87</subfield>
	</datafield>
	<datafield ind1=" " ind2=" " tag="992">
		<subfield code="a">BFDA 4975/3/1</subfield>
		<subfield code="x">ge/ubfd/a/87/608</subfield>
	</datafield>
	<datafield ind1=" " ind2=" " tag="993">
		<subfield code="a">ISDC 29630/3/1</subfield>
		<subfield code="x">la/isdc/a/187143</subfield>
	</datafield>
	<datafield ind1=" " ind2=" " tag="996">
		<subfield code="a">TCVS 3697</subfield>
		<subfield code="c">CA/CH 54 a GLAN 1985/87</subfield>
		<subfield code="x">vs/tcvs/a</subfield>
	</datafield>
</record>