

<record>
	<leader>01657nam a2200445 a 4500</leader>
	<controlfield tag="001">REROILS:201</controlfield>
	<controlfield tag="003">RERO</controlfield>
	<controlfield tag="005">20200712180400.0</controlfield>
	<controlfield tag="008">960525s1966    sz |||||| ||||00|| |fre d</controlfield>
	<datafield ind1=" " ind2=" " tag="035">
		<subfield code="a">0084437</subfield>
	</datafield>
	<datafield ind1=" " ind2="7" tag="039">
		<subfield code="b">0060</subfield>
	</datafield>
	<datafield ind1=" " ind2="9" tag="039">
		<subfield code="a">202007121804</subfield>
		<subfield code="b">VLOAD</subfield>
		<subfield code="c">201706101305</subfield>
		<subfield code="d">VLOAD</subfield>
		<subfield code="c">201706021308</subfield>
		<subfield code="d">VLOAD</subfield>
		<subfield code="c">201706021102</subfield>
		<subfield code="d">VLOAD</subfield>
		<subfield code="y">1999022712040000</subfield>
		<subfield code="z">load</subfield>
	</datafield>
	<datafield ind1=" " ind2=" " tag="040">
		<subfield code="a">RERO</subfield>
	</datafield>
	<datafield ind1=" " ind2="7" tag="072">
		<subfield code="a">s1sp</subfield>
		<subfield code="2">rero</subfield>
	</datafield>
	<datafield ind1="1" ind2=" " tag="100">
		<subfield code="a">Ruffieux, Roland,</subfield>
		<subfield code="d">1921-2004</subfield>
		<subfield code="4">cre</subfield>
		<subfield code="0">(IDREF)028339819</subfield>
	</datafield>
	<datafield ind1="1" ind2="3" tag="245">
		<subfield code="a">La Suisse /</subfield>
		<subfield code="c">R. Ruffieux</subfield>
	</datafield>
	<datafield ind1=" " ind2="1" tag="264">
		<subfield code="a">[Louvain] ;</subfield>
		<subfield code="a">[Paris] :</subfield>
		<subfield code="b">[éditeur non identifié],</subfield>
		<subfield code="c">[1966]</subfield>
	</datafield>
	<datafield ind1=" " ind2=" " tag="300">
		<subfield code="a">P. 444-478 ;</subfield>
		<subfield code="c">25 cm</subfield>
	</datafield>
	<datafield ind1=" " ind2=" " tag="336">
		<subfield code="b">txt</subfield>
		<subfield code="2">rdacontent</subfield>
	</datafield>
	<datafield ind1=" " ind2=" " tag="337">
		<subfield code="b">n</subfield>
		<subfield code="2">rdamedia</subfield>
	</datafield>
	<datafield ind1=" " ind2=" " tag="338">
		<subfield code="b">nc</subfield>
		<subfield code="2">rdacarrier</subfield>
	</datafield>
	<datafield ind1=" " ind2=" " tag="339">
		<subfield code="a">docmaintype_book</subfield>
		<subfield code="b">docsubtype_other_book</subfield>
	</datafield>
	<datafield ind1=" " ind2=" " tag="580">
		<subfield code="a">Tiré à part de: 150 ans de mouvement ouvrier chrétien en Europe de l'Ouest, 1789-1939. - P. 444-478</subfield>
	</datafield>
	<datafield ind1=" " ind2="7" tag="650">
		<subfield code="a">catholicisme</subfield>
		<subfield code="2">rerovoc</subfield>
	</datafield>
	<datafield ind1=" " ind2="7" tag="650">
		<subfield code="a">Mouvement ouvrier</subfield>
		<subfield code="2">rero</subfield>
	</datafield>
	<datafield ind1=" " ind2="7" tag="650">
		<subfield code="a">1789-1939</subfield>
		<subfield code="2">rero</subfield>
	</datafield>
	<datafield ind1=" " ind2="7" tag="650">
		<subfield code="a">Action catholique</subfield>
		<subfield code="2">rero</subfield>
	</datafield>
	<datafield ind1=" " ind2="7" tag="650">
		<subfield code="a">Église catholique</subfield>
		<subfield code="2">rero</subfield>
	</datafield>
	<datafield ind1=" " ind2="7" tag="650">
		<subfield code="a">Action sociale</subfield>
		<subfield code="2">rero</subfield>
	</datafield>
	<datafield ind1=" " ind2="7" tag="650">
		<subfield code="a">association catholique</subfield>
		<subfield code="2">rerovoc</subfield>
	</datafield>
	<datafield ind1=" " ind2="7" tag="651">
		<subfield code="a">Suisse</subfield>
		<subfield code="2">rero</subfield>
		<subfield code="0">(IDREF)027249654</subfield>
	</datafield>
	<datafield ind1="1" ind2=" " tag="787">
		<subfield code="t">150 ans de mouvement ouvrier chrétien en Europe de l'Ouest, 1789-1939</subfield>
		<subfield code="g">P. 444-478</subfield>
		<subfield code="w">REROILS:2000014</subfield>
	</datafield>
	<datafield ind1=" " ind2=" " tag="900">
		<subfield code="a">noselfmerge</subfield>
	</datafield>
	<datafield ind1=" " ind2=" " tag="901">
		<subfield code="a">frautuni</subfield>
	</datafield>
	<datafield ind1=" " ind2=" " tag="901">
		<subfield code="a">frnoan</subfield>
	</datafield>
	<datafield ind1=" " ind2=" " tag="901">
		<subfield code="a">frautfr</subfield>
	</datafield>
	<datafield ind1=" " ind2=" " tag="919">
		<subfield code="9">650 _7</subfield>
		<subfield code="a">catholicisme</subfield>
		<subfield code="x">mouvement ouvrier</subfield>
		<subfield code="z">Suisse</subfield>
		<subfield code="y">1789 / 1939</subfield>
		<subfield code="2">chrero</subfield>
	</datafield>
	<datafield ind1=" " ind2=" " tag="919">
		<subfield code="9">650 _7</subfield>
		<subfield code="a">action catholique</subfield>
		<subfield code="x">mouvement ouvrier</subfield>
		<subfield code="x">Église catholique</subfield>
		<subfield code="z">Suisse</subfield>
		<subfield code="y">1789 / 1939</subfield>
		<subfield code="2">chrero</subfield>
	</datafield>
	<datafield ind1=" " ind2=" " tag="919">
		<subfield code="9">650 _7</subfield>
		<subfield code="a">action sociale</subfield>
		<subfield code="x">association catholique</subfield>
		<subfield code="x">mouvement ouvrier</subfield>
		<subfield code="x">Église catholique</subfield>
		<subfield code="z">Suisse</subfield>
		<subfield code="y">1789 / 1939</subfield>
		<subfield code="2">chrero</subfield>
	</datafield>
	<datafield ind1=" " ind2=" " tag="956">
		<subfield code="a">frbcuc</subfield>
	</datafield>
</record>