

<record>
	<leader>02174nam a2200565 a 4500</leader>
	<controlfield tag="001">REROILS:30</controlfield>
	<controlfield tag="003">RERO</controlfield>
	<controlfield tag="005">20201021213800.0</controlfield>
	<controlfield tag="008">000717m19582016gw |||||| ||||00|| |lat d</controlfield>
	<datafield ind1=" " ind2=" " tag="020">
		<subfield code="a">9783775203005</subfield>
	</datafield>
	<datafield ind1=" " ind2=" " tag="020">
		<subfield code="a">9783447100823</subfield>
	</datafield>
	<datafield ind1=" " ind2=" " tag="035">
		<subfield code="a">0069759</subfield>
	</datafield>
	<datafield ind1=" " ind2=" " tag="039">
		<subfield code="b">9400</subfield>
	</datafield>
	<datafield ind1=" " ind2="7" tag="039">
		<subfield code="b">3309</subfield>
		<subfield code="b">9500</subfield>
		<subfield code="b">0013</subfield>
	</datafield>
	<datafield ind1=" " ind2="9" tag="039">
		<subfield code="a">202010212138</subfield>
		<subfield code="b">AUTHORITY</subfield>
		<subfield code="c">202010031010</subfield>
		<subfield code="d">VLOAD</subfield>
		<subfield code="c">202007120954</subfield>
		<subfield code="d">VLOAD</subfield>
		<subfield code="c">201908191127</subfield>
		<subfield code="d">VLOAD</subfield>
		<subfield code="y">1999022711400000</subfield>
		<subfield code="z">load</subfield>
	</datafield>
	<datafield ind1=" " ind2=" " tag="040">
		<subfield code="a">RERO</subfield>
	</datafield>
	<datafield ind1=" " ind2="7" tag="072">
		<subfield code="a">s1hm</subfield>
		<subfield code="2">rero</subfield>
	</datafield>
	<datafield ind1="0" ind2=" " tag="100">
		<subfield code="a">Alexander,</subfield>
		<subfield code="c">von Roes</subfield>
		<subfield code="4">cre</subfield>
	</datafield>
	<datafield ind1="1" ind2="4" tag="245">
		<subfield code="a">Die Schriften des Alexander von Roes und des Engelbert von Admont</subfield>
	</datafield>
	<datafield ind1=" " ind2="1" tag="264">
		<subfield code="a">Stuttgart [etc.] :</subfield>
		<subfield code="b">A. Hiersemann [etc.],</subfield>
		<subfield code="c">1958-2016</subfield>
	</datafield>
	<datafield ind1=" " ind2=" " tag="300">
		<subfield code="a">3 vol. ;</subfield>
		<subfield code="c">27 cm</subfield>
	</datafield>
	<datafield ind1=" " ind2=" " tag="336">
		<subfield code="b">txt</subfield>
		<subfield code="2">rdacontent</subfield>
	</datafield>
	<datafield ind1=" " ind2=" " tag="337">
		<subfield code="b">n</subfield>
		<subfield code="2">rdamedia</subfield>
	</datafield>
	<datafield ind1=" " ind2=" " tag="338">
		<subfield code="b">nc</subfield>
		<subfield code="2">rdacarrier</subfield>
	</datafield>
	<datafield ind1=" " ind2=" " tag="339">
		<subfield code="a">docmaintype_book</subfield>
		<subfield code="b">docsubtype_other_book</subfield>
	</datafield>
	<datafield ind1="1" ind2=" " tag="490">
		<subfield code="a">Monumenta Germaniae historica. Staatsschriften des spaeteren Mittelalters</subfield>
		<subfield code="v">Bd. 1</subfield>
	</datafield>
	<datafield ind1="0" ind2=" " tag="505">
		<subfield code="a">Teil 1 : Schriften / Alexander von Roes ; hrsg. von Herbert Grundmann und Hermann Heimpel. - Stuttgart : Hiersemann, 1958. - 208, 23 p.</subfield>
	</datafield>
	<datafield ind1="0" ind2=" " tag="505">
		<subfield code="a">Teil 2 : Speculum virtutum / Engelbert von Admont ; hrsg. von Karl Ubl. - Hannover : Hahnsche Buchhandlung, 2004. - VIII, 522 p.</subfield>
	</datafield>
	<datafield ind1="0" ind2=" " tag="505">
		<subfield code="a">Teil 3 : De ortu et fine Romani imperii / Engelbert von Admont ; hrsg. von Herbert Schneider ... . - Wiesbaden : Harrassowitz Verlag, 2016. - XXXVIII, 262 p.</subfield>
	</datafield>
	<datafield ind1="0" ind2="7" tag="600">
		<subfield code="a">Alexander</subfield>
		<subfield code="c">(von Roes)</subfield>
		<subfield code="2">rero</subfield>
	</datafield>
	<datafield ind1="0" ind2="7" tag="600">
		<subfield code="a">Engelbert</subfield>
		<subfield code="c">(von Admont)</subfield>
		<subfield code="2">rero</subfield>
	</datafield>
	<datafield ind1=" " ind2="7" tag="655">
		<subfield code="a">[Éditions de manuscrits]</subfield>
		<subfield code="2">rero</subfield>
	</datafield>
	<datafield ind1="0" ind2=" " tag="700">
		<subfield code="a">Engelbertus,</subfield>
		<subfield code="c">Admontensis</subfield>
	</datafield>
	<datafield ind1="1" ind2=" " tag="700">
		<subfield code="a">Grundmann, Herbert</subfield>
	</datafield>
	<datafield ind1="1" ind2=" " tag="700">
		<subfield code="a">Heimpel, Hermann</subfield>
	</datafield>
	<datafield ind1="1" ind2=" " tag="700">
		<subfield code="a">Ubl, Karl</subfield>
		<subfield code="0">(IDREF)064816125</subfield>
	</datafield>
	<datafield ind1="0" ind2=" " tag="700">
		<subfield code="a">Schneider, Herbert</subfield>
	</datafield>
	<datafield ind1=" " ind2="0" tag="830">
		<subfield code="a">Staatsschriften des späteren Mittelalters</subfield>
		<subfield code="v">1</subfield>
		<subfield code="w">REROILS:2000015</subfield>
	</datafield>
	<datafield ind1=" " ind2=" " tag="900">
		<subfield code="a">noselfmerge</subfield>
	</datafield>
	<datafield ind1=" " ind2=" " tag="904">
		<subfield code="a">bpunfar</subfield>
		<subfield code="b">0506</subfield>
		<subfield code="c">14fg</subfield>
	</datafield>
	<datafield ind1=" " ind2=" " tag="904">
		<subfield code="a">bpunfar2</subfield>
		<subfield code="b">1606</subfield>
		<subfield code="c">14fg</subfield>
	</datafield>
	<datafield ind1=" " ind2=" " tag="919">
		<subfield code="9">600 07</subfield>
		<subfield code="a">Alexander</subfield>
		<subfield code="c">(von Roes)</subfield>
		<subfield code="2">chrero</subfield>
	</datafield>
	<datafield ind1=" " ind2=" " tag="956">
		<subfield code="a">frbcuc</subfield>
	</datafield>
	<datafield ind1=" " ind2=" " tag="957">
		<subfield code="a">gevbge</subfield>
	</datafield>
	<datafield ind1=" " ind2=" " tag="962">
		<subfield code="a">nebpun</subfield>
	</datafield>
	<datafield ind1=" " ind2=" " tag="981">
		<subfield code="2">SHMA</subfield>
		<subfield code="a">EB</subfield>
	</datafield>
	<datafield ind1=" " ind2=" " tag="981">
		<subfield code="2">SL</subfield>
		<subfield code="a">JC</subfield>
	</datafield>
	<datafield ind1=" " ind2=" " tag="981">
		<subfield code="2">IEM</subfield>
		<subfield code="a">YB</subfield>
	</datafield>
	<datafield ind1=" " ind2=" " tag="992">
		<subfield code="a">BGE GD 1789 C 2/1/1</subfield>
		<subfield code="x">ge/vbge/a/50/1681</subfield>
	</datafield>
	<datafield ind1=" " ind2=" " tag="994">
		<subfield code="a">BPUN PT 267/1/1-3</subfield>
		<subfield code="x">ne/bpun/a/1958-2016/453-2005/586</subfield>
	</datafield>
</record>