

<record>
	<leader>01041ncm a2200337 a 4500</leader>
	<controlfield tag="001">REROILS:8</controlfield>
	<controlfield tag="003">RERO</controlfield>
	<controlfield tag="005">20191122093100.0</controlfield>
	<controlfield tag="008">860502s1977    sz |||||| ||||  |  |ger d</controlfield>
	<datafield ind1="2" ind2="2" tag="028">
		<subfield code="a">PE 976</subfield>
	</datafield>
	<datafield ind1=" " ind2=" " tag="035">
		<subfield code="a">0707458</subfield>
	</datafield>
	<datafield ind1=" " ind2="9" tag="039">
		<subfield code="a">201911220931</subfield>
		<subfield code="b">VLOAD</subfield>
		<subfield code="c">201705161325</subfield>
		<subfield code="d">VLOAD</subfield>
		<subfield code="c">200812210626</subfield>
		<subfield code="d">VLOAD</subfield>
		<subfield code="c">200605281737</subfield>
		<subfield code="d">VLOAD</subfield>
		<subfield code="y">1999022802290000</subfield>
		<subfield code="z">load</subfield>
	</datafield>
	<datafield ind1=" " ind2=" " tag="040">
		<subfield code="a">RERO frbcuc</subfield>
	</datafield>
	<datafield ind1="0" ind2=" " tag="041">
		<subfield code="a">ger</subfield>
		<subfield code="a">eng</subfield>
	</datafield>
	<datafield ind1=" " ind2="7" tag="072">
		<subfield code="a">s1mu</subfield>
		<subfield code="2">rero</subfield>
	</datafield>
	<datafield ind1="1" ind2=" " tag="100">
		<subfield code="a">Brunelli, Antonio</subfield>
		<subfield code="4">cre</subfield>
	</datafield>
	<datafield ind1="1" ind2="0" tag="245">
		<subfield code="a">Varii esercitii :</subfield>
		<subfield code="b">1614 /</subfield>
		<subfield code="c">Antonio Brunelli ; hrsg. von by Richard Erig</subfield>
	</datafield>
	<datafield ind1=" " ind2="1" tag="264">
		<subfield code="a">Zürich :</subfield>
		<subfield code="b">Musikverl. zum Pelikan,</subfield>
		<subfield code="c">[1977]</subfield>
	</datafield>
	<datafield ind1=" " ind2="4" tag="264">
		<subfield code="c">© 1977</subfield>
	</datafield>
	<datafield ind1=" " ind2=" " tag="300">
		<subfield code="a">1 PARTITION (19 S.) ;</subfield>
		<subfield code="c">31 cm</subfield>
	</datafield>
	<datafield ind1=" " ind2=" " tag="336">
		<subfield code="b">ntm</subfield>
		<subfield code="2">rdacontent</subfield>
	</datafield>
	<datafield ind1=" " ind2=" " tag="337">
		<subfield code="b">n</subfield>
		<subfield code="2">rdamedia</subfield>
	</datafield>
	<datafield ind1=" " ind2=" " tag="338">
		<subfield code="b">nc</subfield>
		<subfield code="2">rdacarrier</subfield>
	</datafield>
	<datafield ind1=" " ind2=" " tag="339">
		<subfield code="a">docmaintype_score</subfield>
		<subfield code="b">docsubtype_printed_score</subfield>
	</datafield>
	<datafield ind1="1" ind2=" " tag="490">
		<subfield code="a">Italienische Diminutionslehren</subfield>
		<subfield code="v">2</subfield>
	</datafield>
	<datafield ind1="0" ind2=" " tag="490">
		<subfield code="a">Edition Pelikan</subfield>
		<subfield code="v">976</subfield>
	</datafield>
	<datafield ind1="1" ind2=" " tag="700">
		<subfield code="a">Erig, Richard</subfield>
		<subfield code="0">(IDREF)234931639</subfield>
	</datafield>
	<datafield ind1=" " ind2="0" tag="830">
		<subfield code="a">Italienische Diminutionslehren = Italian diminution tutors</subfield>
		<subfield code="v">2</subfield>
		<subfield code="w">REROILS:2000016</subfield>
	</datafield>
	<datafield ind1=" " ind2=" " tag="900">
		<subfield code="a">noselfmerge</subfield>
	</datafield>
	<datafield ind1=" " ind2=" " tag="956">
		<subfield code="a">frbcuc</subfield>
	</datafield>
	<datafield ind1=" " ind2=" " tag="981">
		<subfield code="2">SM</subfield>
		<subfield code="a">OA</subfield>
	</datafield>
</record>