

<record>
	<leader>01006nam a2200325 a 4500</leader>
	<controlfield tag="001">REROILS:33</controlfield>
	<controlfield tag="003">RERO</controlfield>
	<controlfield tag="005">20200710204900.0</controlfield>
	<controlfield tag="008">000918s1970    xxu|||||| ||||00|  |eng d</controlfield>
	<datafield ind1=" " ind2=" " tag="020">
		<subfield code="a">9780801491122</subfield>
	</datafield>
	<datafield ind1=" " ind2=" " tag="035">
		<subfield code="a">R268812260</subfield>
	</datafield>
	<datafield ind1=" " ind2=" " tag="039">
		<subfield code="b">0007</subfield>
		<subfield code="b">0009i</subfield>
	</datafield>
	<datafield ind1=" " ind2="9" tag="039">
		<subfield code="a">202007102049</subfield>
		<subfield code="b">VLOAD</subfield>
		<subfield code="c">201706111145</subfield>
		<subfield code="d">VLOAD</subfield>
		<subfield code="c">200406160709</subfield>
		<subfield code="d">VLOAD</subfield>
		<subfield code="y">200009180412</subfield>
		<subfield code="z">VLOAD</subfield>
	</datafield>
	<datafield ind1=" " ind2=" " tag="040">
		<subfield code="a">RERO frbcuc</subfield>
	</datafield>
	<datafield ind1=" " ind2="7" tag="072">
		<subfield code="a">s1an</subfield>
		<subfield code="2">rero</subfield>
	</datafield>
	<datafield ind1="1" ind2=" " tag="100">
		<subfield code="a">Elias, Robert Henry</subfield>
		<subfield code="4">cre</subfield>
		<subfield code="0">(IDREF)077083210</subfield>
	</datafield>
	<datafield ind1="1" ind2="0" tag="245">
		<subfield code="a">Theodore Dreiser :</subfield>
		<subfield code="b">apostle of nature /</subfield>
		<subfield code="c">Robert H. Elias</subfield>
	</datafield>
	<datafield ind1=" " ind2=" " tag="250">
		<subfield code="a">Emended ed. with a survey of research and criticism</subfield>
	</datafield>
	<datafield ind1=" " ind2="1" tag="264">
		<subfield code="a">Ithaca [etc.] :</subfield>
		<subfield code="b">Cornell University Press,</subfield>
		<subfield code="c">1970</subfield>
	</datafield>
	<datafield ind1=" " ind2=" " tag="300">
		<subfield code="a">X, 435 p. :</subfield>
		<subfield code="b">portr. ;</subfield>
		<subfield code="c">22 cm</subfield>
	</datafield>
	<datafield ind1=" " ind2=" " tag="336">
		<subfield code="b">txt</subfield>
		<subfield code="2">rdacontent</subfield>
	</datafield>
	<datafield ind1=" " ind2=" " tag="337">
		<subfield code="b">n</subfield>
		<subfield code="2">rdamedia</subfield>
	</datafield>
	<datafield ind1=" " ind2=" " tag="338">
		<subfield code="b">nc</subfield>
		<subfield code="2">rdacarrier</subfield>
	</datafield>
	<datafield ind1=" " ind2=" " tag="339">
		<subfield code="a">docmaintype_book</subfield>
		<subfield code="b">docsubtype_other_book</subfield>
	</datafield>
	<datafield ind1="1" ind2=" " tag="490">
		<subfield code="a">Cornell paperbacks</subfield>
	</datafield>
	<datafield ind1="1" ind2="7" tag="600">
		<subfield code="a">Dreiser, Theodore</subfield>
		<subfield code="2">rero</subfield>
		<subfield code="0">(IDREF)027500799</subfield>
	</datafield>
	<datafield ind1=" " ind2="0" tag="830">
		<subfield code="a">Cornell paperbacks</subfield>
		<subfield code="w">REROILS:2000017</subfield>
	</datafield>
	<datafield ind1=" " ind2=" " tag="900">
		<subfield code="a">noselfmerge</subfield>
	</datafield>
	<datafield ind1=" " ind2=" " tag="919">
		<subfield code="9">600 17</subfield>
		<subfield code="a">Dreiser, Theodore</subfield>
		<subfield code="2">chrero</subfield>
	</datafield>
	<datafield ind1=" " ind2=" " tag="956">
		<subfield code="a">frbcuc</subfield>
	</datafield>
</record>