

<record>
	<leader>01145nam a2200301 a 4500</leader>
	<controlfield tag="001">REROILS:128</controlfield>
	<controlfield tag="003">RERO</controlfield>
	<controlfield tag="005">20180903122400.0</controlfield>
	<controlfield tag="008">860916s1981    gw |||||| ||||00|| |ger d</controlfield>
	<datafield ind1=" " ind2=" " tag="020">
		<subfield code="a">9783887220389</subfield>
	</datafield>
	<datafield ind1=" " ind2=" " tag="035">
		<subfield code="a">0753178</subfield>
	</datafield>
	<datafield ind1=" " ind2="9" tag="039">
		<subfield code="a">201809031224</subfield>
		<subfield code="b">VLOAD</subfield>
		<subfield code="c">201807011418</subfield>
		<subfield code="d">VLOAD</subfield>
		<subfield code="c">201705160836</subfield>
		<subfield code="d">VLOAD</subfield>
		<subfield code="c">201506091315</subfield>
		<subfield code="d">VLOAD</subfield>
		<subfield code="y">1999022803340000</subfield>
		<subfield code="z">load</subfield>
	</datafield>
	<datafield ind1=" " ind2=" " tag="040">
		<subfield code="a">RERO neuses</subfield>
	</datafield>
	<datafield ind1=" " ind2="7" tag="072">
		<subfield code="a">s1se</subfield>
		<subfield code="2">rero</subfield>
	</datafield>
	<datafield ind1="0" ind2="0" tag="245">
		<subfield code="a">Rationalisierung, Krise und Arbeiter :</subfield>
		<subfield code="b">eine empirische Untersuchung der Industrialisierung auf der Werft /</subfield>
		<subfield code="c">Michael Schumann ... [et al.]</subfield>
	</datafield>
	<datafield ind1=" " ind2="1" tag="264">
		<subfield code="a">Bremen :</subfield>
		<subfield code="b">Zentrale wissenschaftliche Einrichtung &quot;Arbeit und Betrieb&quot;,</subfield>
		<subfield code="c">[1981]</subfield>
	</datafield>
	<datafield ind1=" " ind2="4" tag="264">
		<subfield code="c">© 1981</subfield>
	</datafield>
	<datafield ind1=" " ind2=" " tag="300">
		<subfield code="a">2 vol. :</subfield>
		<subfield code="b">ill. ;</subfield>
		<subfield code="c">21 cm</subfield>
	</datafield>
	<datafield ind1=" " ind2=" " tag="336">
		<subfield code="b">txt</subfield>
		<subfield code="2">rdacontent</subfield>
	</datafield>
	<datafield ind1=" " ind2=" " tag="337">
		<subfield code="b">n</subfield>
		<subfield code="2">rdamedia</subfield>
	</datafield>
	<datafield ind1=" " ind2=" " tag="338">
		<subfield code="b">nc</subfield>
		<subfield code="2">rdacarrier</subfield>
	</datafield>
	<datafield ind1=" " ind2=" " tag="339">
		<subfield code="a">docmaintype_book</subfield>
		<subfield code="b">docsubtype_other_book</subfield>
	</datafield>
	<datafield ind1="1" ind2=" " tag="490">
		<subfield code="a">Forschungsberichte der zentralen wissenschaftlichen Einrichtung &quot;Arbeit und Betrieb&quot;</subfield>
	</datafield>
	<datafield ind1="1" ind2=" " tag="700">
		<subfield code="a">Schumann, Michael</subfield>
		<subfield code="0">(IDREF)029768748</subfield>
	</datafield>
	<datafield ind1=" " ind2="0" tag="830">
		<subfield code="a">Forschungsberichte der zentralen wissenschaftlichen Einrichtung &quot;Arbeit und Betrieb&quot;</subfield>
		<subfield code="w">REROILS:60</subfield>
	</datafield>
	<datafield ind1=" " ind2=" " tag="900">
		<subfield code="a">noselfmerge</subfield>
	</datafield>
	<datafield ind1=" " ind2=" " tag="962">
		<subfield code="a">neuses</subfield>
	</datafield>
	<datafield ind1=" " ind2=" " tag="994">
		<subfield code="a">YA2/ 1935</subfield>
		<subfield code="x">ne/uses/w</subfield>
	</datafield>
</record>