

<record>
	<leader>01242cam a2200385 a 4500</leader>
	<controlfield tag="001">REROILS:204</controlfield>
	<controlfield tag="003">RERO</controlfield>
	<controlfield tag="005">20191208192600.0</controlfield>
	<controlfield tag="008">970111s1982    xxk|||||| ||||00|| |eng d</controlfield>
	<datafield ind1=" " ind2=" " tag="020">
		<subfield code="a">9780723407782</subfield>
	</datafield>
	<datafield ind1=" " ind2=" " tag="035">
		<subfield code="a">0393246</subfield>
	</datafield>
	<datafield ind1=" " ind2="9" tag="039">
		<subfield code="a">201912081926</subfield>
		<subfield code="b">VLOAD</subfield>
		<subfield code="c">201907151411</subfield>
		<subfield code="d">AUTHORITY</subfield>
		<subfield code="c">201705160946</subfield>
		<subfield code="d">VLOAD</subfield>
		<subfield code="c">201703271120</subfield>
		<subfield code="d">VLOAD</subfield>
		<subfield code="y">1999022719200000</subfield>
		<subfield code="z">load</subfield>
	</datafield>
	<datafield ind1=" " ind2=" " tag="040">
		<subfield code="a">RERO</subfield>
	</datafield>
	<datafield ind1=" " ind2="7" tag="072">
		<subfield code="a">s1me</subfield>
		<subfield code="2">rero</subfield>
	</datafield>
	<datafield ind1="1" ind2=" " tag="100">
		<subfield code="a">Hayhoe, Frank George James</subfield>
		<subfield code="4">cre</subfield>
		<subfield code="0">(IDREF)029679400</subfield>
	</datafield>
	<datafield ind1="1" ind2="2" tag="245">
		<subfield code="a">A colour atlas of haematological cytology /</subfield>
		<subfield code="c">F.G.J. Hayhoe, R.J. Flemans</subfield>
	</datafield>
	<datafield ind1=" " ind2=" " tag="250">
		<subfield code="a">2nd ed</subfield>
	</datafield>
	<datafield ind1=" " ind2="1" tag="264">
		<subfield code="a">London :</subfield>
		<subfield code="b">Wolfe Medical Publ.,</subfield>
		<subfield code="c">1982</subfield>
	</datafield>
	<datafield ind1=" " ind2=" " tag="300">
		<subfield code="a">240 p. :</subfield>
		<subfield code="b">ill. ;</subfield>
		<subfield code="c">27 cm</subfield>
	</datafield>
	<datafield ind1=" " ind2=" " tag="336">
		<subfield code="b">txt</subfield>
		<subfield code="2">rdacontent</subfield>
	</datafield>
	<datafield ind1=" " ind2=" " tag="337">
		<subfield code="b">n</subfield>
		<subfield code="2">rdamedia</subfield>
	</datafield>
	<datafield ind1=" " ind2=" " tag="338">
		<subfield code="b">nc</subfield>
		<subfield code="2">rdacarrier</subfield>
	</datafield>
	<datafield ind1=" " ind2=" " tag="339">
		<subfield code="a">docmaintype_book</subfield>
		<subfield code="b">docsubtype_other_book</subfield>
	</datafield>
	<datafield ind1="1" ind2=" " tag="490">
		<subfield code="a">Wolfe Medical Atlases</subfield>
	</datafield>
	<datafield ind1=" " ind2="2" tag="650">
		<subfield code="a">Blood Cells</subfield>
	</datafield>
	<datafield ind1=" " ind2="2" tag="650">
		<subfield code="a">Lymphocytes</subfield>
	</datafield>
	<datafield ind1=" " ind2="2" tag="650">
		<subfield code="a">Blood Stains</subfield>
	</datafield>
	<datafield ind1=" " ind2="2" tag="655">
		<subfield code="a">Atlas</subfield>
	</datafield>
	<datafield ind1="1" ind2=" " tag="700">
		<subfield code="a">Flemans, R.J</subfield>
	</datafield>
	<datafield ind1=" " ind2="0" tag="830">
		<subfield code="a">Wolfe Medical Atlases</subfield>
		<subfield code="w">REROILS:118</subfield>
	</datafield>
	<datafield ind1=" " ind2=" " tag="900">
		<subfield code="a">noselfmerge</subfield>
	</datafield>
	<datafield ind1=" " ind2=" " tag="957">
		<subfield code="a">geucmu</subfield>
	</datafield>
	<datafield ind1=" " ind2=" " tag="982">
		<subfield code="2">nlm-geucmu</subfield>
		<subfield code="a">WH 17 3 ed. 2</subfield>
	</datafield>
	<datafield ind1=" " ind2=" " tag="992">
		<subfield code="a">BFMB 19</subfield>
		<subfield code="x">ge/ubfm/a/83/0085 5 ?</subfield>
	</datafield>
</record>