

<record>
	<leader>00913nas a22003017a 4500</leader>
	<controlfield tag="001">REROILS:91</controlfield>
	<controlfield tag="003">RERO</controlfield>
	<controlfield tag="005">20201019183200.0</controlfield>
	<controlfield tag="006">m    |</controlfield>
	<controlfield tag="007">c|</controlfield>
	<controlfield tag="008">000830u        xx |||m|  ||||0 |  |fre d</controlfield>
	<datafield ind1=" " ind2=" " tag="035">
		<subfield code="a">R217357060</subfield>
	</datafield>
	<datafield ind1=" " ind2=" " tag="039">
		<subfield code="b">0011</subfield>
		<subfield code="b">9400</subfield>
	</datafield>
	<datafield ind1=" " ind2="9" tag="039">
		<subfield code="a">202010191832</subfield>
		<subfield code="b">VLOAD</subfield>
		<subfield code="c">202007081503</subfield>
		<subfield code="d">7951</subfield>
		<subfield code="c">202007031722</subfield>
		<subfield code="d">7951</subfield>
		<subfield code="c">202006290713</subfield>
		<subfield code="d">VLOAD</subfield>
		<subfield code="y">1999030118490000</subfield>
		<subfield code="z">load</subfield>
	</datafield>
	<datafield ind1=" " ind2=" " tag="040">
		<subfield code="a">RERO frbcuc</subfield>
	</datafield>
	<datafield ind1="0" ind2=" " tag="130">
		<subfield code="a">Collection histoire de l'art.</subfield>
		<subfield code="p">Carré multimédia</subfield>
	</datafield>
	<datafield ind1="1" ind2="0" tag="245">
		<subfield code="a">Collection histoire de l'art</subfield>
	</datafield>
	<datafield ind1="3" ind2=" " tag="246">
		<subfield code="a">Collection histoire de l'art.</subfield>
		<subfield code="p">Gallimard</subfield>
	</datafield>
	<datafield ind1="3" ind2=" " tag="246">
		<subfield code="a">Histoire de l'art.</subfield>
		<subfield code="p">Carré multimédia</subfield>
	</datafield>
	<datafield ind1="3" ind2=" " tag="246">
		<subfield code="a">Histoire de l'art.</subfield>
		<subfield code="p">Gallimard</subfield>
	</datafield>
	<datafield ind1=" " ind2="1" tag="264">
		<subfield code="a">Paris :</subfield>
		<subfield code="b">Carré multimédia :</subfield>
		<subfield code="b">Gallimard [etc.]</subfield>
	</datafield>
	<datafield ind1=" " ind2=" " tag="300">
		<subfield code="a">CD-ROM</subfield>
	</datafield>
	<datafield ind1=" " ind2=" " tag="336">
		<subfield code="b">txt</subfield>
		<subfield code="2">rdacontent</subfield>
	</datafield>
	<datafield ind1=" " ind2=" " tag="337">
		<subfield code="b">c</subfield>
		<subfield code="2">rdamedia</subfield>
	</datafield>
	<datafield ind1=" " ind2=" " tag="338">
		<subfield code="b">cd</subfield>
		<subfield code="2">rdacarrier</subfield>
	</datafield>
	<datafield ind1=" " ind2=" " tag="339">
		<subfield code="a">docmaintype_electronic</subfield>
		<subfield code="b">docsubtype_cdrom_dvdrom</subfield>
	</datafield>
	<datafield ind1=" " ind2=" " tag="339">
		<subfield code="a">docmaintype_series</subfield>
	</datafield>
	<datafield ind1=" " ind2=" " tag="900">
		<subfield code="a">noselfmerge</subfield>
	</datafield>
	<datafield ind1=" " ind2=" " tag="900">
		<subfield code="a">reroslsp</subfield>
	</datafield>
</record>