

<record>
	<leader>00955naa a2200277 a 4500</leader>
	<controlfield tag="001">REROILS:39</controlfield>
	<controlfield tag="003">RERO</controlfield>
	<controlfield tag="005">20170529173700.0</controlfield>
	<controlfield tag="008">100224s1831    gw |||||| ||||00|  |ger d</controlfield>
	<datafield ind1=" " ind2=" " tag="019">
		<subfield code="a">Bibliogr. sans succès dans le KVK</subfield>
		<subfield code="9">frvvcr/02.2010</subfield>
	</datafield>
	<datafield ind1=" " ind2=" " tag="035">
		<subfield code="a">R005397123</subfield>
	</datafield>
	<datafield ind1=" " ind2="9" tag="039">
		<subfield code="a">201705291737</subfield>
		<subfield code="b">VLOAD</subfield>
		<subfield code="c">201206141713</subfield>
		<subfield code="d">0210</subfield>
		<subfield code="y">201002241407</subfield>
		<subfield code="z">0132</subfield>
	</datafield>
	<datafield ind1=" " ind2=" " tag="040">
		<subfield code="a">RERO frvvcr</subfield>
	</datafield>
	<datafield ind1=" " ind2="7" tag="072">
		<subfield code="a">s1ba</subfield>
		<subfield code="2">rero</subfield>
	</datafield>
	<datafield ind1="0" ind2="0" tag="245">
		<subfield code="a">Geheimnisse der Aten bei der durchfichtigen Glasmalerei nebst der Kunst die dazu nöthigen Farben zu bereiten und einzubrennen /</subfield>
		<subfield code="c">praktisch dargestellt von C.S.</subfield>
	</datafield>
	<datafield ind1=" " ind2="1" tag="264">
		<subfield code="a">Leipzig :</subfield>
		<subfield code="b">C.E. Kollmann,</subfield>
		<subfield code="c">1831</subfield>
	</datafield>
	<datafield ind1=" " ind2=" " tag="300">
		<subfield code="a">1 Bd.</subfield>
	</datafield>
	<datafield ind1=" " ind2=" " tag="336">
		<subfield code="b">txt</subfield>
		<subfield code="2">rdacontent</subfield>
	</datafield>
	<datafield ind1=" " ind2=" " tag="337">
		<subfield code="b">n</subfield>
		<subfield code="2">rdamedia</subfield>
	</datafield>
	<datafield ind1=" " ind2=" " tag="338">
		<subfield code="b">nc</subfield>
		<subfield code="2">rdacarrier</subfield>
	</datafield>
	<datafield ind1=" " ind2=" " tag="339">
		<subfield code="a">docmaintype_article</subfield>
	</datafield>
	<datafield ind1=" " ind2=" " tag="900">
		<subfield code="a">swissbibnomerge</subfield>
	</datafield>
	<datafield ind1=" " ind2=" " tag="901">
		<subfield code="a">vcrenfer</subfield>
	</datafield>
	<datafield ind1=" " ind2=" " tag="956">
		<subfield code="a">frvvcr</subfield>
	</datafield>
	<datafield ind1=" " ind2=" " tag="981">
		<subfield code="2">VCR</subfield>
		<subfield code="a">T 2.2</subfield>
	</datafield>
</record>