

<record>
	<leader>01089naa a2200301 a 4500</leader>
	<controlfield tag="001">REROILS:114</controlfield>
	<controlfield tag="003">RERO</controlfield>
	<controlfield tag="005">20170522155400.0</controlfield>
	<controlfield tag="008">971022 1959    sz ||| |  ||||00|  |ger d</controlfield>
	<datafield ind1=" " ind2=" " tag="019">
		<subfield code="a">Attention champ 933 issu de la migration d'Alexandria à conserver temporairement</subfield>
		<subfield code="9">iftfla/12.2009</subfield>
		<subfield code="5">alexrero</subfield>
	</datafield>
	<datafield ind1=" " ind2=" " tag="019">
		<subfield code="a">Notice issue de la migration Alexandria</subfield>
		<subfield code="9">iftfla/12.2009</subfield>
	</datafield>
	<datafield ind1=" " ind2=" " tag="035">
		<subfield code="a">bv00226630</subfield>
	</datafield>
	<datafield ind1=" " ind2="9" tag="039">
		<subfield code="a">201705221554</subfield>
		<subfield code="b">VLOAD</subfield>
		<subfield code="c">201002121522</subfield>
		<subfield code="d">VLOAD</subfield>
		<subfield code="c">201001052144</subfield>
		<subfield code="d">VLOAD</subfield>
		<subfield code="y">200912102318</subfield>
		<subfield code="z">VLOAD</subfield>
	</datafield>
	<datafield ind1=" " ind2=" " tag="040">
		<subfield code="a">RERO ifofj-</subfield>
	</datafield>
	<datafield ind1=" " ind2="7" tag="072">
		<subfield code="a">s1dr</subfield>
		<subfield code="2">rero</subfield>
	</datafield>
	<datafield ind1="1" ind2=" " tag="100">
		<subfield code="a">Wiebringhaus, Hans</subfield>
		<subfield code="4">cre</subfield>
		<subfield code="0">(IDREF)087110350</subfield>
	</datafield>
	<datafield ind1="1" ind2="4" tag="245">
		<subfield code="a">Ein internationaler Gerichtshof zum Schutze der Menschenrechte /</subfield>
		<subfield code="c">Hans Wiebringhaus</subfield>
	</datafield>
	<datafield ind1=" " ind2="1" tag="264">
		<subfield code="a">Basel :</subfield>
		<subfield code="b">Verlag für Recht und Gesellschaft,</subfield>
		<subfield code="c">1959</subfield>
	</datafield>
	<datafield ind1=" " ind2=" " tag="300">
		<subfield code="a">25 S. ;</subfield>
		<subfield code="c">21 cm</subfield>
	</datafield>
	<datafield ind1=" " ind2=" " tag="336">
		<subfield code="b">txt</subfield>
		<subfield code="2">rdacontent</subfield>
	</datafield>
	<datafield ind1=" " ind2=" " tag="337">
		<subfield code="b">n</subfield>
		<subfield code="2">rdamedia</subfield>
	</datafield>
	<datafield ind1=" " ind2=" " tag="338">
		<subfield code="b">nc</subfield>
		<subfield code="2">rdacarrier</subfield>
	</datafield>
	<datafield ind1=" " ind2=" " tag="339">
		<subfield code="a">docmaintype_article</subfield>
	</datafield>
	<datafield ind1=" " ind2=" " tag="580">
		<subfield code="a">In: Aspects on human rights</subfield>
	</datafield>
	<datafield ind1="1" ind2=" " tag="773">
		<subfield code="t">Aspects on human rights</subfield>
		<subfield code="9">CHECKED</subfield>
	</datafield>
	<datafield ind1=" " ind2=" " tag="933">
		<subfield code="s">Aspects on human rights</subfield>
		<subfield code="5">alexrero</subfield>
	</datafield>
	<datafield ind1=" " ind2=" " tag="953">
		<subfield code="a">ifofj-</subfield>
	</datafield>
	<datafield ind1=" " ind2=" " tag="983">
		<subfield code="2">ifofj-</subfield>
		<subfield code="a">D 18 h WIEB 1959</subfield>
	</datafield>
</record>