

<record>
	<leader>01707nam a2200481 a 4500</leader>
	<controlfield tag="001">REROILS:82</controlfield>
	<controlfield tag="003">RERO</controlfield>
	<controlfield tag="005">20180704160800.0</controlfield>
	<controlfield tag="008">021209s2002    sz ||| |  ||||00|  |fre d</controlfield>
	<datafield ind1=" " ind2=" " tag="019">
		<subfield code="a">Catalogué d'après la couverture</subfield>
		<subfield code="9">gecaeg/12.2002</subfield>
	</datafield>
	<datafield ind1=" " ind2=" " tag="035">
		<subfield code="a">R003284614</subfield>
	</datafield>
	<datafield ind1=" " ind2="7" tag="039">
		<subfield code="b">9577</subfield>
		<subfield code="b">7912</subfield>
	</datafield>
	<datafield ind1=" " ind2="9" tag="039">
		<subfield code="a">201807041608</subfield>
		<subfield code="b">VLOAD</subfield>
		<subfield code="c">201711252245</subfield>
		<subfield code="d">VLOAD</subfield>
		<subfield code="c">201706110956</subfield>
		<subfield code="d">VLOAD</subfield>
		<subfield code="c">201204210835</subfield>
		<subfield code="d">VLOAD</subfield>
		<subfield code="y">200212091432</subfield>
		<subfield code="z">7912</subfield>
	</datafield>
	<datafield ind1=" " ind2=" " tag="040">
		<subfield code="a">RERO gecaeg</subfield>
	</datafield>
	<datafield ind1=" " ind2=" " tag="044">
		<subfield code="a">sz</subfield>
		<subfield code="c">ch-ge</subfield>
	</datafield>
	<datafield ind1=" " ind2="7" tag="072">
		<subfield code="a">s1ht</subfield>
		<subfield code="2">rero</subfield>
	</datafield>
	<datafield ind1="0" ind2="2" tag="245">
		<subfield code="a">L'adieu aux Charmilles /</subfield>
		<subfield code="c">[réd. Jean-Daniel Sallin... et al.]</subfield>
	</datafield>
	<datafield ind1=" " ind2="1" tag="264">
		<subfield code="a">[Genève] :</subfield>
		<subfield code="b">Tribune de Genève,</subfield>
		<subfield code="c">2002</subfield>
	</datafield>
	<datafield ind1=" " ind2=" " tag="300">
		<subfield code="a">31 p. :</subfield>
		<subfield code="b">ill. ;</subfield>
		<subfield code="c">33 cm</subfield>
	</datafield>
	<datafield ind1=" " ind2=" " tag="336">
		<subfield code="b">txt</subfield>
		<subfield code="2">rdacontent</subfield>
	</datafield>
	<datafield ind1=" " ind2=" " tag="337">
		<subfield code="b">n</subfield>
		<subfield code="2">rdamedia</subfield>
	</datafield>
	<datafield ind1=" " ind2=" " tag="338">
		<subfield code="b">nc</subfield>
		<subfield code="2">rdacarrier</subfield>
	</datafield>
	<datafield ind1=" " ind2=" " tag="339">
		<subfield code="a">docmaintype_book</subfield>
		<subfield code="b">docsubtype_other_book</subfield>
	</datafield>
	<datafield ind1="1" ind2=" " tag="490">
		<subfield code="a">Tribune de Genève</subfield>
		<subfield code="v">7 décembre 2002, suppl.</subfield>
	</datafield>
	<datafield ind1=" " ind2=" " tag="583">
		<subfield code="5">gevbge BGE BXM 3116</subfield>
		<subfield code="z">2</subfield>
	</datafield>
	<datafield ind1=" " ind2="7" tag="650">
		<subfield code="a">Football</subfield>
		<subfield code="2">rero</subfield>
	</datafield>
	<datafield ind1=" " ind2="7" tag="650">
		<subfield code="a">1901-2002</subfield>
		<subfield code="2">rero</subfield>
	</datafield>
	<datafield ind1=" " ind2="7" tag="650">
		<subfield code="a">1996-2003</subfield>
		<subfield code="2">rero</subfield>
	</datafield>
	<datafield ind1=" " ind2="7" tag="650">
		<subfield code="a">Stades</subfield>
		<subfield code="2">rero</subfield>
	</datafield>
	<datafield ind1=" " ind2="7" tag="651">
		<subfield code="a">Genève (Suisse, ville) - Les Charmilles</subfield>
		<subfield code="2">rero</subfield>
	</datafield>
	<datafield ind1=" " ind2="7" tag="651">
		<subfield code="a">La Praille (Suisse, GE)</subfield>
		<subfield code="2">rero</subfield>
	</datafield>
	<datafield ind1=" " ind2="7" tag="655">
		<subfield code="a">[Coupures de presse]</subfield>
		<subfield code="2">rero</subfield>
	</datafield>
	<datafield ind1="1" ind2=" " tag="700">
		<subfield code="a">Sallin, Jean-Daniel</subfield>
	</datafield>
	<datafield ind1=" " ind2="0" tag="830">
		<subfield code="a">Tribune de Genève</subfield>
		<subfield code="v">2002/12 suppl.</subfield>
	</datafield>
	<datafield ind1=" " ind2=" " tag="900">
		<subfield code="a">noselfmerge</subfield>
	</datafield>
	<datafield ind1=" " ind2=" " tag="902">
		<subfield code="a">gecaeg</subfield>
		<subfield code="b">2002/12</subfield>
		<subfield code="c">01</subfield>
	</datafield>
	<datafield ind1=" " ind2=" " tag="902">
		<subfield code="a">gedoc</subfield>
	</datafield>
	<datafield ind1=" " ind2=" " tag="919">
		<subfield code="9">650 _7</subfield>
		<subfield code="a">football</subfield>
		<subfield code="x">stade</subfield>
		<subfield code="z">Genève (Suisse, ville) - Les Charmilles</subfield>
		<subfield code="y">1901 / 2002</subfield>
		<subfield code="v">[coupures de presse]</subfield>
		<subfield code="2">chrero</subfield>
	</datafield>
	<datafield ind1=" " ind2=" " tag="919">
		<subfield code="9">650 _7</subfield>
		<subfield code="a">football</subfield>
		<subfield code="x">stade</subfield>
		<subfield code="z">La Praille (Suisse, GE)</subfield>
		<subfield code="y">1996 / 2003</subfield>
		<subfield code="v">[coupures de presse]</subfield>
		<subfield code="2">chrero</subfield>
	</datafield>
	<datafield ind1=" " ind2=" " tag="957">
		<subfield code="a">gecaeg gevbge</subfield>
	</datafield>
	<datafield ind1=" " ind2=" " tag="982">
		<subfield code="2">ge-biba</subfield>
		<subfield code="a">Ee Stade des Charmilles</subfield>
	</datafield>
	<datafield ind1=" " ind2=" " tag="982">
		<subfield code="2">ge-biba</subfield>
		<subfield code="a">Lg</subfield>
	</datafield>
	<datafield ind1=" " ind2=" " tag="992">
		<subfield code="a">AEG F 49/11</subfield>
		<subfield code="x">ge/caeg/w/2003/247</subfield>
	</datafield>
</record>