

<record>
	<leader>01342cam a2200373 a 4500</leader>
	<controlfield tag="001">REROILS:194</controlfield>
	<controlfield tag="003">RERO</controlfield>
	<controlfield tag="005">20180630124300.0</controlfield>
	<controlfield tag="008">961126s1971    sz |||||| ||||00|| |fre d</controlfield>
	<datafield ind1=" " ind2=" " tag="035">
		<subfield code="a">0000666</subfield>
	</datafield>
	<datafield ind1=" " ind2="9" tag="039">
		<subfield code="a">201806301243</subfield>
		<subfield code="b">VLOAD</subfield>
		<subfield code="c">201806251309</subfield>
		<subfield code="d">VLOAD</subfield>
		<subfield code="c">201705151412</subfield>
		<subfield code="d">VLOAD</subfield>
		<subfield code="c">201703281334</subfield>
		<subfield code="d">VLOAD</subfield>
		<subfield code="y">1999022709490000</subfield>
		<subfield code="z">load</subfield>
	</datafield>
	<datafield ind1=" " ind2=" " tag="040">
		<subfield code="a">RERO</subfield>
	</datafield>
	<datafield ind1="1" ind2=" " tag="041">
		<subfield code="a">fre</subfield>
		<subfield code="h">eng</subfield>
	</datafield>
	<datafield ind1=" " ind2=" " tag="044">
		<subfield code="a">sz</subfield>
		<subfield code="c">ch-ge</subfield>
	</datafield>
	<datafield ind1=" " ind2="7" tag="072">
		<subfield code="a">s1fr</subfield>
		<subfield code="2">rero</subfield>
	</datafield>
	<datafield ind1="1" ind2=" " tag="100">
		<subfield code="a">Swift, Jonathan,</subfield>
		<subfield code="d">1667-1745</subfield>
		<subfield code="4">cre</subfield>
		<subfield code="0">(IDREF)027152596</subfield>
	</datafield>
	<datafield ind1="1" ind2="4" tag="245">
		<subfield code="a">Les voyages de Gulliver /</subfield>
		<subfield code="c">Jonathan Swift ; trad. de l' anglais par José Axelrad ; introd. et analyse de l' oeuvre par Albert Cavin ; ill. de Gavarni</subfield>
	</datafield>
	<datafield ind1=" " ind2="1" tag="264">
		<subfield code="a">Genève :</subfield>
		<subfield code="b">Edito-Service,</subfield>
		<subfield code="c">[1971]</subfield>
	</datafield>
	<datafield ind1=" " ind2="4" tag="264">
		<subfield code="c">© 1971</subfield>
	</datafield>
	<datafield ind1=" " ind2=" " tag="300">
		<subfield code="a">XIV, 381 p. :</subfield>
		<subfield code="b">ill. ;</subfield>
		<subfield code="c">21 cm</subfield>
	</datafield>
	<datafield ind1=" " ind2=" " tag="336">
		<subfield code="b">txt</subfield>
		<subfield code="2">rdacontent</subfield>
	</datafield>
	<datafield ind1=" " ind2=" " tag="337">
		<subfield code="b">n</subfield>
		<subfield code="2">rdamedia</subfield>
	</datafield>
	<datafield ind1=" " ind2=" " tag="338">
		<subfield code="b">nc</subfield>
		<subfield code="2">rdacarrier</subfield>
	</datafield>
	<datafield ind1=" " ind2=" " tag="339">
		<subfield code="a">docmaintype_book</subfield>
		<subfield code="b">docsubtype_other_book</subfield>
	</datafield>
	<datafield ind1="1" ind2=" " tag="490">
		<subfield code="a">Les Livres qui ont fait le monde</subfield>
	</datafield>
	<datafield ind1=" " ind2=" " tag="500">
		<subfield code="a">Traduit de: Gulliver's travels</subfield>
	</datafield>
	<datafield ind1="1" ind2=" " tag="700">
		<subfield code="a">Axelrad, Albert José</subfield>
	</datafield>
	<datafield ind1="1" ind2=" " tag="700">
		<subfield code="a">Cavin, Albert</subfield>
		<subfield code="0">(IDREF)026773252</subfield>
	</datafield>
	<datafield ind1="1" ind2=" " tag="700">
		<subfield code="a">Gavarni, Paul,</subfield>
		<subfield code="d">1804-1866</subfield>
		<subfield code="0">(IDREF)032410182</subfield>
	</datafield>
	<datafield ind1=" " ind2="4" tag="830">
		<subfield code="a">Les livres qui ont fait le monde</subfield>
		<subfield code="w">REROILS:2000018</subfield>
	</datafield>
	<datafield ind1=" " ind2=" " tag="900">
		<subfield code="a">noselfmerge</subfield>
	</datafield>
	<datafield ind1=" " ind2=" " tag="957">
		<subfield code="a">gevbge</subfield>
	</datafield>
	<datafield ind1=" " ind2=" " tag="992">
		<subfield code="a">BGE Zt 4395/6</subfield>
		<subfield code="x">ge/vbge/l/73</subfield>
	</datafield>
</record>