

<record>
	<leader>01227naa a2200301 a 4500</leader>
	<controlfield tag="001">REROILS:110</controlfield>
	<controlfield tag="003">RERO</controlfield>
	<controlfield tag="005">20171127203300.0</controlfield>
	<controlfield tag="008">971022s1975    sz ||| |  ||||00|  |fre d</controlfield>
	<datafield ind1=" " ind2=" " tag="019">
		<subfield code="a">Attention champ 933 issu de la migration d'Alexandria à conserver temporairement</subfield>
		<subfield code="9">iftfla/12.2009</subfield>
		<subfield code="5">alexrero</subfield>
	</datafield>
	<datafield ind1=" " ind2=" " tag="019">
		<subfield code="a">Notice issue de la migration Alexandria</subfield>
		<subfield code="9">iftfla/12.2009</subfield>
	</datafield>
	<datafield ind1=" " ind2=" " tag="035">
		<subfield code="a">bv00210393</subfield>
	</datafield>
	<datafield ind1=" " ind2="9" tag="039">
		<subfield code="a">201711272033</subfield>
		<subfield code="b">VLOAD</subfield>
		<subfield code="c">201711271757</subfield>
		<subfield code="d">VLOAD</subfield>
		<subfield code="c">201705221444</subfield>
		<subfield code="d">VLOAD</subfield>
		<subfield code="c">201002121502</subfield>
		<subfield code="d">VLOAD</subfield>
		<subfield code="y">200912102247</subfield>
		<subfield code="z">VLOAD</subfield>
	</datafield>
	<datafield ind1=" " ind2=" " tag="040">
		<subfield code="a">RERO ifofj-</subfield>
	</datafield>
	<datafield ind1=" " ind2="7" tag="072">
		<subfield code="a">s1dr</subfield>
		<subfield code="2">rero</subfield>
	</datafield>
	<datafield ind1="1" ind2=" " tag="100">
		<subfield code="a">Jeannet, Maurice</subfield>
		<subfield code="4">cre</subfield>
		<subfield code="0">(IDREF)113867638</subfield>
	</datafield>
	<datafield ind1="1" ind2="0" tag="245">
		<subfield code="a">Enseigner la psychologie sociale /</subfield>
		<subfield code="c">Maurice Jeannet</subfield>
	</datafield>
	<datafield ind1=" " ind2="1" tag="264">
		<subfield code="a">Berne ;</subfield>
		<subfield code="a">Stuttgart :</subfield>
		<subfield code="b">Huber,</subfield>
		<subfield code="c">1975</subfield>
	</datafield>
	<datafield ind1=" " ind2=" " tag="300">
		<subfield code="a">P. 297-311.</subfield>
	</datafield>
	<datafield ind1=" " ind2=" " tag="336">
		<subfield code="b">txt</subfield>
		<subfield code="2">rdacontent</subfield>
	</datafield>
	<datafield ind1=" " ind2=" " tag="337">
		<subfield code="b">n</subfield>
		<subfield code="2">rdamedia</subfield>
	</datafield>
	<datafield ind1=" " ind2=" " tag="338">
		<subfield code="b">nc</subfield>
		<subfield code="2">rdacarrier</subfield>
	</datafield>
	<datafield ind1=" " ind2=" " tag="339">
		<subfield code="a">docmaintype_article</subfield>
	</datafield>
	<datafield ind1=" " ind2=" " tag="580">
		<subfield code="a">In: Schweizerische Zeitschrift für Psychologie und ihre Anwendungen. - 34, 1975, no 4</subfield>
	</datafield>
	<datafield ind1="1" ind2=" " tag="773">
		<subfield code="t">Schweizerische Zeitschrift für Psychologie und ihre Anwendungen</subfield>
		<subfield code="g">34, 1975, no 4</subfield>
		<subfield code="w">REROILS:2000019</subfield>
	</datafield>
	<datafield ind1=" " ind2=" " tag="933">
		<subfield code="s">Schweizerische Zeitschrift für Psychologie und ihre Anwendungen</subfield>
		<subfield code="g">34, 1975, no 4</subfield>
		<subfield code="5">alexrero</subfield>
	</datafield>
	<datafield ind1=" " ind2=" " tag="953">
		<subfield code="a">ifofj-</subfield>
	</datafield>
	<datafield ind1=" " ind2=" " tag="983">
		<subfield code="2">ifofj-</subfield>
		<subfield code="a">CA/CH 7.4. h JEAN 1975</subfield>
	</datafield>
</record>