

<record>
	<leader>00944nas a2200289 a 4500</leader>
	<controlfield tag="001">REROILS:111</controlfield>
	<controlfield tag="003">RERO</controlfield>
	<controlfield tag="005">20170517161700.0</controlfield>
	<controlfield tag="008">940208c1904    xxu|||m|| ||||0 || 0eng d</controlfield>
	<datafield ind1=" " ind2=" " tag="019">
		<subfield code="a">BPUN : Collection gérée par le service des périodiques.</subfield>
		<subfield code="9">nebpun/10.2005/3313</subfield>
	</datafield>
	<datafield ind1=" " ind2=" " tag="035">
		<subfield code="a">1808648</subfield>
	</datafield>
	<datafield ind1=" " ind2="9" tag="039">
		<subfield code="a">201705171617</subfield>
		<subfield code="b">VLOAD</subfield>
		<subfield code="c">200812212022</subfield>
		<subfield code="d">VLOAD</subfield>
		<subfield code="c">200605290414</subfield>
		<subfield code="d">VLOAD</subfield>
		<subfield code="c">200510070931</subfield>
		<subfield code="d">3313</subfield>
		<subfield code="y">1999030104210000</subfield>
		<subfield code="z">load</subfield>
	</datafield>
	<datafield ind1=" " ind2=" " tag="040">
		<subfield code="a">RERO neueth</subfield>
	</datafield>
	<datafield ind1=" " ind2="7" tag="072">
		<subfield code="a">s1ar</subfield>
		<subfield code="2">rero</subfield>
	</datafield>
	<datafield ind1="0" ind2="0" tag="245">
		<subfield code="a">Bulletin / Phillips Academy, Department of Archaeology</subfield>
	</datafield>
	<datafield ind1=" " ind2="1" tag="264">
		<subfield code="a">Andover Mass. :</subfield>
		<subfield code="b">The Andover Press,</subfield>
		<subfield code="c">1904-[?]</subfield>
	</datafield>
	<datafield ind1=" " ind2=" " tag="300">
		<subfield code="c">25 cm</subfield>
	</datafield>
	<datafield ind1=" " ind2=" " tag="336">
		<subfield code="b">txt</subfield>
		<subfield code="2">rdacontent</subfield>
	</datafield>
	<datafield ind1=" " ind2=" " tag="337">
		<subfield code="b">n</subfield>
		<subfield code="2">rdamedia</subfield>
	</datafield>
	<datafield ind1=" " ind2=" " tag="338">
		<subfield code="b">nc</subfield>
		<subfield code="2">rdacarrier</subfield>
	</datafield>
	<datafield ind1=" " ind2=" " tag="339">
		<subfield code="a">docmaintype_series</subfield>
	</datafield>
	<datafield ind1="0" ind2=" " tag="362">
		<subfield code="a">No 1(1904)-[?]</subfield>
	</datafield>
	<datafield ind1="2" ind2=" " tag="710">
		<subfield code="a">Phillips Academy.</subfield>
		<subfield code="b">Department of Archaeology (Andover, Mass.)</subfield>
	</datafield>
	<datafield ind1=" " ind2=" " tag="900">
		<subfield code="a">noselfmerge</subfield>
	</datafield>
	<datafield ind1=" " ind2=" " tag="900">
		<subfield code="a">reroslsp</subfield>
	</datafield>
	<datafield ind1=" " ind2=" " tag="962">
		<subfield code="a">nebpun</subfield>
	</datafield>
	<datafield ind1=" " ind2=" " tag="994">
		<subfield code="a">BPUN 1YT 315</subfield>
		<subfield code="x">ne/sgeo/x</subfield>
	</datafield>
</record>