

<record>
	<leader>01485nam a2200361 aa4500</leader>
	<controlfield tag="001">REROILS:173</controlfield>
	<controlfield tag="003">RERO</controlfield>
	<controlfield tag="005">20200710085600.0</controlfield>
	<controlfield tag="008">001225s2000    bl |||||| ||||00|  |por d</controlfield>
	<datafield ind1=" " ind2=" " tag="019">
		<subfield code="a">Niveau supérieur !</subfield>
		<subfield code="9">frbcuc/11.2000</subfield>
	</datafield>
	<datafield ind1=" " ind2=" " tag="035">
		<subfield code="a">R278845660</subfield>
	</datafield>
	<datafield ind1=" " ind2=" " tag="039">
		<subfield code="b">0011</subfield>
		<subfield code="b">0013i</subfield>
	</datafield>
	<datafield ind1=" " ind2="9" tag="039">
		<subfield code="a">202007100856</subfield>
		<subfield code="b">VLOAD</subfield>
		<subfield code="c">201812081559</subfield>
		<subfield code="d">VLOAD</subfield>
		<subfield code="c">201808301618</subfield>
		<subfield code="d">VLOAD</subfield>
		<subfield code="c">201706111432</subfield>
		<subfield code="d">VLOAD</subfield>
		<subfield code="y">200012251140</subfield>
		<subfield code="z">VLOAD</subfield>
	</datafield>
	<datafield ind1=" " ind2=" " tag="040">
		<subfield code="a">RERO frbcuc</subfield>
	</datafield>
	<datafield ind1="0" ind2=" " tag="041">
		<subfield code="a">por</subfield>
		<subfield code="a">eng</subfield>
	</datafield>
	<datafield ind1=" " ind2="7" tag="072">
		<subfield code="a">s1ba</subfield>
		<subfield code="2">rero</subfield>
	</datafield>
	<datafield ind1="0" ind2="0" tag="245">
		<subfield code="a">Mostra do Redescobrimento /</subfield>
		<subfield code="c">Associação Brasil 500 Anos Artes Visuais ; [curador-geral Nelson Aguilar]</subfield>
	</datafield>
	<datafield ind1=" " ind2="1" tag="264">
		<subfield code="a">São Paulo :</subfield>
		<subfield code="b">Associação Brasil 500 Anos Artes Visuais :</subfield>
		<subfield code="b">Fundação Bienal de São Paulo,</subfield>
		<subfield code="c">2000</subfield>
	</datafield>
	<datafield ind1=" " ind2=" " tag="300">
		<subfield code="a">13 vol. :</subfield>
		<subfield code="b">ill. ;</subfield>
		<subfield code="c">31 cm +</subfield>
		<subfield code="e">1 fasc. (versão abreviada) ; 23 cm</subfield>
	</datafield>
	<datafield ind1=" " ind2=" " tag="336">
		<subfield code="b">txt</subfield>
		<subfield code="2">rdacontent</subfield>
	</datafield>
	<datafield ind1=" " ind2=" " tag="337">
		<subfield code="b">n</subfield>
		<subfield code="2">rdamedia</subfield>
	</datafield>
	<datafield ind1=" " ind2=" " tag="338">
		<subfield code="b">nc</subfield>
		<subfield code="2">rdacarrier</subfield>
	</datafield>
	<datafield ind1=" " ind2=" " tag="339">
		<subfield code="a">docmaintype_book</subfield>
		<subfield code="b">docsubtype_other_book</subfield>
	</datafield>
	<datafield ind1=" " ind2=" " tag="500">
		<subfield code="a">Exposição, 23 de abril a 7 de setembro de 2000, Parque Ibirapuera, São Paulo, Pavilhão Lucas Nogueira Garcez, Pavilhão Ciccillo Matarozzo, Pavilhão Padre Manoel da Nóbrega</subfield>
	</datafield>
	<datafield ind1=" " ind2=" " tag="500">
		<subfield code="a">Exposition. São Paulo. Parque Ibirapuera. 2000</subfield>
	</datafield>
	<datafield ind1=" " ind2="7" tag="650">
		<subfield code="a">Art brésilien</subfield>
		<subfield code="2">rero</subfield>
	</datafield>
	<datafield ind1=" " ind2="7" tag="655">
		<subfield code="a">[Catalogues d'exposition]</subfield>
		<subfield code="2">rero</subfield>
	</datafield>
	<datafield ind1="1" ind2=" " tag="700">
		<subfield code="a">Aguilar, Nelson</subfield>
		<subfield code="0">(IDREF)057790981</subfield>
	</datafield>
	<datafield ind1="2" ind2=" " tag="710">
		<subfield code="a">Associação Brasil 500 Anos Artes Visuais (São Paulo)</subfield>
		<subfield code="0">(IDREF)076020673</subfield>
	</datafield>
	<datafield ind1=" " ind2=" " tag="900">
		<subfield code="a">noselfmerge</subfield>
	</datafield>
	<datafield ind1=" " ind2=" " tag="919">
		<subfield code="9">650 _7</subfield>
		<subfield code="a">art brésilien</subfield>
		<subfield code="v">[catalogue d'exposition]</subfield>
		<subfield code="2">chrero</subfield>
	</datafield>
	<datafield ind1=" " ind2=" " tag="956">
		<subfield code="a">frbcuc</subfield>
	</datafield>
	<datafield ind1=" " ind2=" " tag="957">
		<subfield code="a">gevbaa</subfield>
	</datafield>
</record>