

<record>
	<leader>01479nam a2200445 a 4500</leader>
	<controlfield tag="001">REROILS:132</controlfield>
	<controlfield tag="003">RERO</controlfield>
	<controlfield tag="005">20180828105600.0</controlfield>
	<controlfield tag="008">000912s1972    gw ||| |  ||||00|  |ger d</controlfield>
	<datafield ind1=" " ind2=" " tag="020">
		<subfield code="a">9783494007052</subfield>
	</datafield>
	<datafield ind1=" " ind2=" " tag="035">
		<subfield code="a">R266362160</subfield>
	</datafield>
	<datafield ind1=" " ind2=" " tag="039">
		<subfield code="b">7374i</subfield>
	</datafield>
	<datafield ind1=" " ind2="9" tag="039">
		<subfield code="a">201808281056</subfield>
		<subfield code="b">VLOAD</subfield>
		<subfield code="c">201707060029</subfield>
		<subfield code="d">VLOAD</subfield>
		<subfield code="c">201706111105</subfield>
		<subfield code="d">VLOAD</subfield>
		<subfield code="c">200812221312</subfield>
		<subfield code="d">VLOAD</subfield>
		<subfield code="y">200009121526</subfield>
		<subfield code="z">VLOAD</subfield>
	</datafield>
	<datafield ind1=" " ind2=" " tag="040">
		<subfield code="a">RERO geulal</subfield>
	</datafield>
	<datafield ind1="1" ind2=" " tag="041">
		<subfield code="a">ger</subfield>
		<subfield code="h">eng</subfield>
	</datafield>
	<datafield ind1=" " ind2="7" tag="072">
		<subfield code="a">s1lg</subfield>
		<subfield code="2">rero</subfield>
	</datafield>
	<datafield ind1="1" ind2=" " tag="100">
		<subfield code="a">Halliday, M.A.K.</subfield>
		<subfield code="q">(Michael Alexander Kirkwood),</subfield>
		<subfield code="d">1925-</subfield>
		<subfield code="4">cre</subfield>
		<subfield code="0">(IDREF)028732235</subfield>
	</datafield>
	<datafield ind1="1" ind2="0" tag="245">
		<subfield code="a">Linguistik, Phonetik und Sprachunterricht /</subfield>
		<subfield code="c">von M.A.K. Halliday, Angus McIntosh, Peter Strevens ; übers. von Hans Dietmar Steffens</subfield>
	</datafield>
	<datafield ind1=" " ind2="1" tag="264">
		<subfield code="a">Heidelberg :</subfield>
		<subfield code="b">Quelle &amp; Meyer,</subfield>
		<subfield code="c">[1972]</subfield>
	</datafield>
	<datafield ind1=" " ind2="4" tag="264">
		<subfield code="c">© 1972</subfield>
	</datafield>
	<datafield ind1=" " ind2=" " tag="300">
		<subfield code="a">306 p. :</subfield>
		<subfield code="b">tabl. ;</subfield>
		<subfield code="c">22 cm</subfield>
	</datafield>
	<datafield ind1=" " ind2=" " tag="336">
		<subfield code="b">txt</subfield>
		<subfield code="2">rdacontent</subfield>
	</datafield>
	<datafield ind1=" " ind2=" " tag="337">
		<subfield code="b">n</subfield>
		<subfield code="2">rdamedia</subfield>
	</datafield>
	<datafield ind1=" " ind2=" " tag="338">
		<subfield code="b">nc</subfield>
		<subfield code="2">rdacarrier</subfield>
	</datafield>
	<datafield ind1=" " ind2=" " tag="339">
		<subfield code="a">docmaintype_book</subfield>
		<subfield code="b">docsubtype_other_book</subfield>
	</datafield>
	<datafield ind1=" " ind2=" " tag="500">
		<subfield code="a">Trad. de: The Lingusitic sciences and language teaching</subfield>
	</datafield>
	<datafield ind1=" " ind2="7" tag="650">
		<subfield code="a">Linguistique</subfield>
		<subfield code="2">rero</subfield>
	</datafield>
	<datafield ind1=" " ind2="7" tag="650">
		<subfield code="a">Phonétique</subfield>
		<subfield code="2">rero</subfield>
	</datafield>
	<datafield ind1=" " ind2="7" tag="650">
		<subfield code="a">Langues</subfield>
		<subfield code="2">rero</subfield>
	</datafield>
	<datafield ind1=" " ind2="7" tag="650">
		<subfield code="a">Étude et enseignement</subfield>
		<subfield code="2">rero</subfield>
	</datafield>
	<datafield ind1="1" ind2=" " tag="700">
		<subfield code="a">MacIntosh, Angus</subfield>
		<subfield code="0">(IDREF)028767888</subfield>
	</datafield>
	<datafield ind1="1" ind2=" " tag="700">
		<subfield code="a">Strevens, Peter</subfield>
		<subfield code="0">(IDREF)055765610</subfield>
	</datafield>
	<datafield ind1="1" ind2=" " tag="700">
		<subfield code="a">Steffens, Hans Dietmar</subfield>
	</datafield>
	<datafield ind1=" " ind2=" " tag="900">
		<subfield code="a">noselfmerge</subfield>
	</datafield>
	<datafield ind1=" " ind2=" " tag="919">
		<subfield code="9">650 _7</subfield>
		<subfield code="a">langue - enseignement</subfield>
		<subfield code="x">linguistique</subfield>
		<subfield code="x">phonétique</subfield>
		<subfield code="2">chrero</subfield>
	</datafield>
	<datafield ind1=" " ind2=" " tag="956">
		<subfield code="a">frbcuc</subfield>
	</datafield>
	<datafield ind1=" " ind2=" " tag="957">
		<subfield code="a">geulal</subfield>
	</datafield>
	<datafield ind1=" " ind2=" " tag="981">
		<subfield code="2">IDS</subfield>
		<subfield code="a">D</subfield>
	</datafield>
	<datafield ind1=" " ind2=" " tag="982">
		<subfield code="2">ge-ulal</subfield>
		<subfield code="a">L/E 1a*HALL Lin pus</subfield>
	</datafield>
	<datafield ind1=" " ind2=" " tag="992">
		<subfield code="a">BFLA 133905</subfield>
		<subfield code="x">ge/ulal/a/FLt 13531</subfield>
	</datafield>
</record>