

<record>
	<leader>01260nam a2200361 a 4500</leader>
	<controlfield tag="001">REROILS:16</controlfield>
	<controlfield tag="003">RERO</controlfield>
	<controlfield tag="005">20190412114600.0</controlfield>
	<controlfield tag="008">000915s1993    fr |||||| ||||00|  |fre d</controlfield>
	<datafield ind1=" " ind2=" " tag="020">
		<subfield code="a">9782251012841</subfield>
	</datafield>
	<datafield ind1="7" ind2=" " tag="024">
		<subfield code="a">http://catalogue.bnf.fr/ark:/12148/cb366806298</subfield>
		<subfield code="2">uri</subfield>
	</datafield>
	<datafield ind1=" " ind2=" " tag="035">
		<subfield code="a">R268252960</subfield>
	</datafield>
	<datafield ind1=" " ind2=" " tag="039">
		<subfield code="b">7320</subfield>
	</datafield>
	<datafield ind1=" " ind2="9" tag="039">
		<subfield code="a">201904121146</subfield>
		<subfield code="b">7951</subfield>
		<subfield code="c">201808081801</subfield>
		<subfield code="d">VLOAD</subfield>
		<subfield code="c">201807271522</subfield>
		<subfield code="d">VLOAD</subfield>
		<subfield code="c">201807261339</subfield>
		<subfield code="d">VLOAD</subfield>
		<subfield code="y">200009151715</subfield>
		<subfield code="z">VLOAD</subfield>
	</datafield>
	<datafield ind1=" " ind2=" " tag="040">
		<subfield code="a">RERO geulsa</subfield>
	</datafield>
	<datafield ind1="0" ind2=" " tag="041">
		<subfield code="a">fre</subfield>
		<subfield code="a">lat</subfield>
	</datafield>
	<datafield ind1=" " ind2="7" tag="072">
		<subfield code="a">s1la</subfield>
		<subfield code="2">rero</subfield>
	</datafield>
	<datafield ind1="1" ind2=" " tag="100">
		<subfield code="a">Livius Patavinus, Titus</subfield>
		<subfield code="4">cre</subfield>
		<subfield code="0">(IDREF)026662019</subfield>
	</datafield>
	<datafield ind1="1" ind2="0" tag="245">
		<subfield code="a">Histoire romaine /</subfield>
		<subfield code="c">Tite-Live ; texte établi par Jean Bayet ; et trad. par Gaston Baillet.</subfield>
		<subfield code="n">T. 4,</subfield>
		<subfield code="p">Livre IV</subfield>
	</datafield>
	<datafield ind1=" " ind2=" " tag="250">
		<subfield code="a">2e tirage revu, corrigé et augmente d'un &quot;Index nominum&quot; /</subfield>
		<subfield code="b">par Charles Guittard</subfield>
	</datafield>
	<datafield ind1=" " ind2="1" tag="264">
		<subfield code="a">Paris :</subfield>
		<subfield code="b">Les Belles-Lettres,</subfield>
		<subfield code="c">1993</subfield>
	</datafield>
	<datafield ind1=" " ind2=" " tag="300">
		<subfield code="a">XII, 166 p. dont p. 3-100 avec pag. double. ;</subfield>
		<subfield code="c">20 cm</subfield>
	</datafield>
	<datafield ind1=" " ind2=" " tag="336">
		<subfield code="b">txt</subfield>
		<subfield code="2">rdacontent</subfield>
	</datafield>
	<datafield ind1=" " ind2=" " tag="337">
		<subfield code="b">n</subfield>
		<subfield code="2">rdamedia</subfield>
	</datafield>
	<datafield ind1=" " ind2=" " tag="338">
		<subfield code="b">nc</subfield>
		<subfield code="2">rdacarrier</subfield>
	</datafield>
	<datafield ind1=" " ind2=" " tag="339">
		<subfield code="a">docmaintype_book</subfield>
		<subfield code="b">docsubtype_other_book</subfield>
	</datafield>
	<datafield ind1="1" ind2=" " tag="700">
		<subfield code="a">Guittard, Charles</subfield>
		<subfield code="0">(IDREF)02873789X</subfield>
	</datafield>
	<datafield ind1="1" ind2=" " tag="800">
		<subfield code="a">Livius Patavinus, Titus. -</subfield>
		<subfield code="t">Histoire romaine</subfield>
		<subfield code="v">4</subfield>
	</datafield>
	<datafield ind1=" " ind2=" " tag="900">
		<subfield code="a">noselfmerge</subfield>
	</datafield>
	<datafield ind1=" " ind2=" " tag="902">
		<subfield code="a">geulsa</subfield>
		<subfield code="b">2000/04</subfield>
	</datafield>
	<datafield ind1=" " ind2=" " tag="957">
		<subfield code="a">geulsa</subfield>
	</datafield>
	<datafield ind1=" " ind2=" " tag="982">
		<subfield code="2">ge-ulsa</subfield>
		<subfield code="a">L:LIV*304</subfield>
	</datafield>
	<datafield ind1=" " ind2=" " tag="992">
		<subfield code="a">BFLA 32112/4</subfield>
		<subfield code="x">ge/ulsa/a/99/454</subfield>
	</datafield>
</record>