

<record>
	<leader>02340nam a2200421 a 4500</leader>
	<controlfield tag="001">REROILS:77</controlfield>
	<controlfield tag="003">RERO</controlfield>
	<controlfield tag="005">20190620003900.0</controlfield>
	<controlfield tag="006">m    |</controlfield>
	<controlfield tag="007">c|</controlfield>
	<controlfield tag="008">810626s1779    xxk|||||  ||||00| ||eng d</controlfield>
	<datafield ind1=" " ind2=" " tag="019">
		<subfield code="a">notice ECCO</subfield>
		<subfield code="9">-rero-/12.2012</subfield>
	</datafield>
	<datafield ind1=" " ind2=" " tag="035">
		<subfield code="a">R005786274</subfield>
	</datafield>
	<datafield ind1=" " ind2="9" tag="039">
		<subfield code="a">201906200039</subfield>
		<subfield code="b">VLOAD</subfield>
		<subfield code="c">201803301214</subfield>
		<subfield code="d">VLOAD</subfield>
		<subfield code="c">201801291207</subfield>
		<subfield code="d">VLOAD</subfield>
		<subfield code="c">201705301011</subfield>
		<subfield code="d">VLOAD</subfield>
		<subfield code="y">201212090813</subfield>
		<subfield code="z">VLOAD</subfield>
	</datafield>
	<datafield ind1=" " ind2=" " tag="040">
		<subfield code="a">Uk-ES</subfield>
		<subfield code="c">Uk-ES</subfield>
		<subfield code="d">CStRLIN</subfield>
		<subfield code="d">CU-RivES</subfield>
		<subfield code="d">Cengage Gale</subfield>
		<subfield code="d">RERO -rero-</subfield>
	</datafield>
	<datafield ind1=" " ind2="7" tag="072">
		<subfield code="a">s1an</subfield>
		<subfield code="2">rero</subfield>
	</datafield>
	<datafield ind1="1" ind2=" " tag="100">
		<subfield code="a">Cole, John,</subfield>
		<subfield code="c">of Beverley</subfield>
		<subfield code="4">cre</subfield>
	</datafield>
	<datafield ind1="1" ind2="4" tag="245">
		<subfield code="a">The american war :</subfield>
		<subfield code="b">an ode. Being an impartial description of the most material military and naval transactions there; From The Commencement of Hostilities, to the end of the second Campaign. Interspersed Occasionally With humourous satyrical Animadversions on the conduct of both Parties, with Explanatory Notes through the whole. To which is added, an appendix. Wherein the author has traced the origin of that peoples revolt, to a cause which he never saw yet adverted to; With The many concurring Circumstances which have thus far accelerated the execution of their Plan /</subfield>
		<subfield code="c">By John Cole, Late of Plymouth, but now of Beverley, in Yorkshire</subfield>
	</datafield>
	<datafield ind1=" " ind2="1" tag="264">
		<subfield code="a">[Beverley?,</subfield>
		<subfield code="b">[éditeur non identifié],</subfield>
		<subfield code="c">1779?]</subfield>
	</datafield>
	<datafield ind1=" " ind2=" " tag="300">
		<subfield code="a">1 livre électronique</subfield>
	</datafield>
	<datafield ind1=" " ind2=" " tag="336">
		<subfield code="b">txt</subfield>
		<subfield code="2">rdacontent</subfield>
	</datafield>
	<datafield ind1=" " ind2=" " tag="337">
		<subfield code="b">c</subfield>
		<subfield code="2">rdamedia</subfield>
	</datafield>
	<datafield ind1=" " ind2=" " tag="338">
		<subfield code="b">cr</subfield>
		<subfield code="2">rdacarrier</subfield>
	</datafield>
	<datafield ind1=" " ind2=" " tag="339">
		<subfield code="a">docmaintype_book</subfield>
		<subfield code="b">docsubtype_e-book</subfield>
	</datafield>
	<datafield ind1=" " ind2=" " tag="500">
		<subfield code="a">Preface dated: Beverley, September 20, 1779</subfield>
	</datafield>
	<datafield ind1=" " ind2=" " tag="500">
		<subfield code="a">Reproduction of original from British Library</subfield>
	</datafield>
	<datafield ind1="4" ind2=" " tag="510">
		<subfield code="a">Adams 79-19</subfield>
	</datafield>
	<datafield ind1="4" ind2=" " tag="510">
		<subfield code="a">English Short Title Catalog T126363</subfield>
	</datafield>
	<datafield ind1=" " ind2=" " tag="533">
		<subfield code="a">Electronic reproduction.</subfield>
		<subfield code="b">Farmington Hills, Mich. :</subfield>
		<subfield code="c">Cengage Gale,</subfield>
		<subfield code="d">2009.</subfield>
		<subfield code="n">Available via the World Wide Web.</subfield>
		<subfield code="n">Access limited by licensing agreements</subfield>
	</datafield>
	<datafield ind1=" " ind2="0" tag="650">
		<subfield code="a">Odes</subfield>
		<subfield code="v">Early works to 1800</subfield>
	</datafield>
	<datafield ind1=" " ind2="0" tag="651">
		<subfield code="a">United States</subfield>
		<subfield code="x">History</subfield>
		<subfield code="y">Revolution, 1775-1783</subfield>
		<subfield code="v">Poetry</subfield>
	</datafield>
	<datafield ind1=" " ind2=" " tag="752">
		<subfield code="d">Beverley (1450-1800, lieu d'édition ou d'impression)</subfield>
	</datafield>
	<datafield ind1="4" ind2="0" tag="856">
		<subfield code="u">http://find.galegroup.com/ecco/infomark.do?contentSet=ECCOArticles&amp;docType=ECCOArticles&amp;bookId=0986700300&amp;type=getFullCitation&amp;tabID=T001&amp;prodId=ECCO&amp;docLevel=TEXT_GRAPHICS&amp;version=1.0&amp;source=library</subfield>
		<subfield code="z">Accès réservé à UNIFR, UNIGE et UNINE</subfield>
	</datafield>
	<datafield ind1=" " ind2=" " tag="900">
		<subfield code="a">swissbibnomerge</subfield>
	</datafield>
	<datafield ind1=" " ind2=" " tag="919">
		<subfield code="a">Poems.</subfield>
		<subfield code="2">rbgenr</subfield>
	</datafield>
	<datafield ind1=" " ind2=" " tag="956">
		<subfield code="a">frdel-</subfield>
	</datafield>
	<datafield ind1=" " ind2=" " tag="957">
		<subfield code="a">gedel-</subfield>
	</datafield>
	<datafield ind1=" " ind2=" " tag="962">
		<subfield code="a">nedel-</subfield>
	</datafield>
	<datafield ind1=" " ind2=" " tag="978">
		<subfield code="a">-rero-</subfield>
	</datafield>
</record>