

<record>
	<leader>01427nam a2200349 a 4500</leader>
	<controlfield tag="001">REROILS:76</controlfield>
	<controlfield tag="003">RERO</controlfield>
	<controlfield tag="005">20200710085600.0</controlfield>
	<controlfield tag="008">001225s2000    bl |||||| ||||00|  |por d</controlfield>
	<datafield ind1=" " ind2=" " tag="020">
		<subfield code="a">9788587742049</subfield>
	</datafield>
	<datafield ind1=" " ind2=" " tag="035">
		<subfield code="a">R278852060</subfield>
	</datafield>
	<datafield ind1=" " ind2=" " tag="039">
		<subfield code="b">0011</subfield>
		<subfield code="b">0013i</subfield>
	</datafield>
	<datafield ind1=" " ind2="9" tag="039">
		<subfield code="a">202007100856</subfield>
		<subfield code="b">VLOAD</subfield>
		<subfield code="c">201812081559</subfield>
		<subfield code="d">VLOAD</subfield>
		<subfield code="c">201808301618</subfield>
		<subfield code="d">VLOAD</subfield>
		<subfield code="c">201706111432</subfield>
		<subfield code="d">VLOAD</subfield>
		<subfield code="y">200012250638</subfield>
		<subfield code="z">VLOAD</subfield>
	</datafield>
	<datafield ind1=" " ind2=" " tag="040">
		<subfield code="a">RERO frbcuc</subfield>
	</datafield>
	<datafield ind1="0" ind2=" " tag="041">
		<subfield code="a">por</subfield>
		<subfield code="a">eng</subfield>
	</datafield>
	<datafield ind1=" " ind2="7" tag="072">
		<subfield code="a">s1ba</subfield>
		<subfield code="2">rero</subfield>
	</datafield>
	<datafield ind1="0" ind2="0" tag="245">
		<subfield code="a">Mostra do Redescobrimento /</subfield>
		<subfield code="c">Associação Brasil 500 Anos Artes Visuais ; [curador-geral Nelson Aguilar].</subfield>
		<subfield code="p">Artes indígenas = Native arts / [curadora Lúcia Hussak van Velthem]</subfield>
	</datafield>
	<datafield ind1=" " ind2="1" tag="264">
		<subfield code="a">São Paulo :</subfield>
		<subfield code="b">Associação Brasil 500 Anos Artes Visuais :</subfield>
		<subfield code="b">Fundação Bienal de São Paulo,</subfield>
		<subfield code="c">2000</subfield>
	</datafield>
	<datafield ind1=" " ind2=" " tag="300">
		<subfield code="a">215 p. :</subfield>
		<subfield code="b">ill. ;</subfield>
		<subfield code="c">31 cm</subfield>
	</datafield>
	<datafield ind1=" " ind2=" " tag="336">
		<subfield code="b">txt</subfield>
		<subfield code="2">rdacontent</subfield>
	</datafield>
	<datafield ind1=" " ind2=" " tag="337">
		<subfield code="b">n</subfield>
		<subfield code="2">rdamedia</subfield>
	</datafield>
	<datafield ind1=" " ind2=" " tag="338">
		<subfield code="b">nc</subfield>
		<subfield code="2">rdacarrier</subfield>
	</datafield>
	<datafield ind1=" " ind2=" " tag="339">
		<subfield code="a">docmaintype_book</subfield>
		<subfield code="b">docsubtype_other_book</subfield>
	</datafield>
	<datafield ind1=" " ind2=" " tag="500">
		<subfield code="a">Exposição, 23 de abril a 7 de setembro de 2000, Parque Ibirapuera, São Paulo, Pavilhão Lucas Nogueira Garcez, Pavilhão Ciccillo Matarozzo, Pavilhão Padre Manoel da Nóbrega</subfield>
	</datafield>
	<datafield ind1=" " ind2="7" tag="650">
		<subfield code="a">Art amérindien</subfield>
		<subfield code="2">rero</subfield>
	</datafield>
	<datafield ind1=" " ind2="7" tag="651">
		<subfield code="a">Brésil</subfield>
		<subfield code="2">rero</subfield>
		<subfield code="0">(IDREF)02722953X</subfield>
	</datafield>
	<datafield ind1=" " ind2="7" tag="655">
		<subfield code="a">[Catalogues d'exposition]</subfield>
		<subfield code="2">rero</subfield>
	</datafield>
	<datafield ind1="1" ind2=" " tag="700">
		<subfield code="a">Velthem, Lúcia Hussak van</subfield>
		<subfield code="0">(IDREF)077007220</subfield>
	</datafield>
	<datafield ind1=" " ind2="0" tag="830">
		<subfield code="a">Mostra do Redescobrimento</subfield>
		<subfield code="w">REROILS:173</subfield>
	</datafield>
	<datafield ind1=" " ind2=" " tag="900">
		<subfield code="a">noselfmerge</subfield>
	</datafield>
	<datafield ind1=" " ind2=" " tag="919">
		<subfield code="9">650 _7</subfield>
		<subfield code="a">art amérindien</subfield>
		<subfield code="z">Brésil</subfield>
		<subfield code="v">[catalogue d'exposition]</subfield>
		<subfield code="2">chrero</subfield>
	</datafield>
	<datafield ind1=" " ind2=" " tag="956">
		<subfield code="a">frbcuc</subfield>
	</datafield>
</record>