

<record>
	<leader>01105nam a2200373 a 4500</leader>
	<controlfield tag="001">REROILS:261</controlfield>
	<controlfield tag="003">RERO</controlfield>
	<controlfield tag="005">20191208222600.0</controlfield>
	<controlfield tag="008">000924s2000    fr ||| |  ||||00|  |fre d</controlfield>
	<datafield ind1=" " ind2=" " tag="020">
		<subfield code="a">9782856290835</subfield>
	</datafield>
	<datafield ind1=" " ind2=" " tag="035">
		<subfield code="a">R271362960</subfield>
	</datafield>
	<datafield ind1=" " ind2=" " tag="039">
		<subfield code="b">7111</subfield>
	</datafield>
	<datafield ind1=" " ind2="9" tag="039">
		<subfield code="a">201912082226</subfield>
		<subfield code="b">VLOAD</subfield>
		<subfield code="c">201705181234</subfield>
		<subfield code="d">VLOAD</subfield>
		<subfield code="c">200812221315</subfield>
		<subfield code="d">VLOAD</subfield>
		<subfield code="c">200812211738</subfield>
		<subfield code="d">VLOAD</subfield>
		<subfield code="y">200009241656</subfield>
		<subfield code="z">VLOAD</subfield>
	</datafield>
	<datafield ind1=" " ind2=" " tag="040">
		<subfield code="a">RERO geussm</subfield>
	</datafield>
	<datafield ind1=" " ind2="7" tag="072">
		<subfield code="a">s1ma</subfield>
		<subfield code="2">rero</subfield>
	</datafield>
	<datafield ind1="1" ind2=" " tag="100">
		<subfield code="a">Biquard, Olivier</subfield>
		<subfield code="4">cre</subfield>
		<subfield code="0">(IDREF)086955748</subfield>
	</datafield>
	<datafield ind1="1" ind2="0" tag="245">
		<subfield code="a">Métriques d'Einstein asymptotiquement symétriques /</subfield>
		<subfield code="c">Olivier Biquard</subfield>
	</datafield>
	<datafield ind1=" " ind2="1" tag="264">
		<subfield code="a">Paris :</subfield>
		<subfield code="b">Société mathématique de France,</subfield>
		<subfield code="c">2000</subfield>
	</datafield>
	<datafield ind1=" " ind2=" " tag="300">
		<subfield code="a">109 p. :</subfield>
		<subfield code="b">ill. ;</subfield>
		<subfield code="c">24 cm</subfield>
	</datafield>
	<datafield ind1=" " ind2=" " tag="336">
		<subfield code="b">txt</subfield>
		<subfield code="2">rdacontent</subfield>
	</datafield>
	<datafield ind1=" " ind2=" " tag="337">
		<subfield code="b">n</subfield>
		<subfield code="2">rdamedia</subfield>
	</datafield>
	<datafield ind1=" " ind2=" " tag="338">
		<subfield code="b">nc</subfield>
		<subfield code="2">rdacarrier</subfield>
	</datafield>
	<datafield ind1=" " ind2=" " tag="339">
		<subfield code="a">docmaintype_book</subfield>
		<subfield code="b">docsubtype_other_book</subfield>
	</datafield>
	<datafield ind1="1" ind2=" " tag="490">
		<subfield code="a">Astérisque</subfield>
		<subfield code="v">265</subfield>
	</datafield>
	<datafield ind1=" " ind2="0" tag="830">
		<subfield code="a">Astérisque</subfield>
		<subfield code="v">265</subfield>
		<subfield code="w">REROILS:2000026</subfield>
	</datafield>
	<datafield ind1=" " ind2=" " tag="900">
		<subfield code="a">noselfmerge</subfield>
	</datafield>
	<datafield ind1=" " ind2=" " tag="902">
		<subfield code="a">geussm</subfield>
		<subfield code="b">2000/06</subfield>
		<subfield code="c">53</subfield>
	</datafield>
	<datafield ind1=" " ind2=" " tag="904">
		<subfield code="a">neubfsna</subfield>
		<subfield code="b">2000/07</subfield>
		<subfield code="c">05</subfield>
	</datafield>
	<datafield ind1=" " ind2=" " tag="957">
		<subfield code="a">geussm</subfield>
	</datafield>
	<datafield ind1=" " ind2=" " tag="962">
		<subfield code="a">neusma</subfield>
	</datafield>
	<datafield ind1=" " ind2=" " tag="980">
		<subfield code="2">ams</subfield>
		<subfield code="a">53</subfield>
	</datafield>
	<datafield ind1=" " ind2=" " tag="982">
		<subfield code="2">ams-geussm</subfield>
		<subfield code="a">53/276</subfield>
	</datafield>
	<datafield ind1=" " ind2=" " tag="992">
		<subfield code="a">BSMA 13803</subfield>
		<subfield code="x">ge/ussm/a/22770</subfield>
	</datafield>
	<datafield ind1=" " ind2=" " tag="994">
		<subfield code="a">B 91/265</subfield>
		<subfield code="x">--</subfield>
	</datafield>
</record>