

<record>
	<leader>01632njm a2200421 a 4500</leader>
	<controlfield tag="001">REROILS:59</controlfield>
	<controlfield tag="003">RERO</controlfield>
	<controlfield tag="005">20200629071300.0</controlfield>
	<controlfield tag="007">s|</controlfield>
	<controlfield tag="008">970731m19561962xx ||| |  ||||  |  |und d</controlfield>
	<datafield ind1="1" ind2="2" tag="028">
		<subfield code="a">Decca 452 304-2</subfield>
	</datafield>
	<datafield ind1=" " ind2=" " tag="035">
		<subfield code="a">R217259660</subfield>
	</datafield>
	<datafield ind1=" " ind2=" " tag="039">
		<subfield code="b">8215</subfield>
	</datafield>
	<datafield ind1=" " ind2="9" tag="039">
		<subfield code="a">202006290713</subfield>
		<subfield code="b">VLOAD</subfield>
		<subfield code="c">202004291010</subfield>
		<subfield code="d">AUTHORITY</subfield>
		<subfield code="c">201705180950</subfield>
		<subfield code="d">VLOAD</subfield>
		<subfield code="c">201704011217</subfield>
		<subfield code="d">VLOAD</subfield>
		<subfield code="y">1999030118480000</subfield>
		<subfield code="z">load0082</subfield>
	</datafield>
	<datafield ind1=" " ind2=" " tag="040">
		<subfield code="a">RERO labcur</subfield>
	</datafield>
	<datafield ind1=" " ind2="7" tag="072">
		<subfield code="a">s1mu</subfield>
		<subfield code="2">rero</subfield>
	</datafield>
	<datafield ind1="1" ind2=" " tag="100">
		<subfield code="a">Fauré, Gabriel,</subfield>
		<subfield code="d">1845-1924</subfield>
		<subfield code="4">cre</subfield>
	</datafield>
	<datafield ind1="1" ind2="0" tag="245">
		<subfield code="a">Requiem :</subfield>
		<subfield code="b">op. 48 ; Pelléas et Mélisande... /</subfield>
		<subfield code="c">Fauré</subfield>
	</datafield>
	<datafield ind1=" " ind2="1" tag="264">
		<subfield code="a">[Lieu de publication non identifié] :</subfield>
		<subfield code="b">Decca,</subfield>
		<subfield code="c">P 1956-1962</subfield>
	</datafield>
	<datafield ind1=" " ind2=" " tag="300">
		<subfield code="a">1 disque compact :</subfield>
		<subfield code="b">stéréo (ADD) ;</subfield>
		<subfield code="c">12 cm</subfield>
	</datafield>
	<datafield ind1=" " ind2=" " tag="336">
		<subfield code="b">prm</subfield>
		<subfield code="2">rdacontent</subfield>
	</datafield>
	<datafield ind1=" " ind2=" " tag="337">
		<subfield code="b">s</subfield>
		<subfield code="2">rdamedia</subfield>
	</datafield>
	<datafield ind1=" " ind2=" " tag="338">
		<subfield code="b">sd</subfield>
		<subfield code="2">rdacarrier</subfield>
	</datafield>
	<datafield ind1=" " ind2=" " tag="339">
		<subfield code="a">docmaintype_audio</subfield>
		<subfield code="b">docsubtype_music</subfield>
	</datafield>
	<datafield ind1="1" ind2=" " tag="490">
		<subfield code="a">The classic sound</subfield>
	</datafield>
	<datafield ind1="0" ind2=" " tag="505">
		<subfield code="a">Encore: Pénélope : prélude ; Masques et bergamasques</subfield>
	</datafield>
	<datafield ind1="0" ind2=" " tag="511">
		<subfield code="a">Ansermet, Ernest (direction) ; Danco, Suzanne (soprano) ; Souzay, Gérard (baryton) ; Orchestre de la suisse romande ; Union chorale (La Tour de Peilz)</subfield>
	</datafield>
	<datafield ind1="1" ind2=" " tag="700">
		<subfield code="a">Danco, Suzanne</subfield>
	</datafield>
	<datafield ind1="1" ind2=" " tag="700">
		<subfield code="a">Ansermet, Ernest,</subfield>
		<subfield code="d">1883-1969</subfield>
		<subfield code="0">(IDREF)026687860</subfield>
	</datafield>
	<datafield ind1="1" ind2=" " tag="700">
		<subfield code="a">Souzay, Gérard</subfield>
		<subfield code="0">(IDREF)032601786</subfield>
	</datafield>
	<datafield ind1="2" ind2=" " tag="710">
		<subfield code="a">Union chorale (La Tour de Peilz)</subfield>
		<subfield code="0">(IDREF)172453070</subfield>
	</datafield>
	<datafield ind1="2" ind2=" " tag="710">
		<subfield code="a">Orchestre de la Suisse romande</subfield>
		<subfield code="0">(IDREF)05018959X</subfield>
	</datafield>
	<datafield ind1=" " ind2="4" tag="830">
		<subfield code="a">The classic sound</subfield>
		<subfield code="w">REROILS:2000027</subfield>
	</datafield>
	<datafield ind1=" " ind2=" " tag="900">
		<subfield code="a">noselfmerge</subfield>
	</datafield>
	<datafield ind1=" " ind2=" " tag="936">
		<subfield code="a">basmPH20742</subfield>
	</datafield>
	<datafield ind1=" " ind2=" " tag="973">
		<subfield code="a">vsbasm</subfield>
	</datafield>
	<datafield ind1=" " ind2=" " tag="986">
		<subfield code="2">cdu-vsbasm</subfield>
		<subfield code="a">CD PASM 12121</subfield>
	</datafield>
</record>