

<record>
	<leader>01175c?? a2200373 a 4500</leader>
	<controlfield tag="001">REROILS:36</controlfield>
	<controlfield tag="008">000000s2020    xx |||||| ||||00|| |und d</controlfield>
	<datafield ind1="0" ind2="0" tag="245">
		<subfield code="a">missing record virtua bibid: 6099126</subfield>
	</datafield>
	<datafield ind1=" " ind2=" " tag="339">
		<subfield code="a">docmaintype_other</subfield>
	</datafield>
</record>