

<record>
	<leader>00971cam a2200277 a 4500</leader>
	<controlfield tag="001">REROILS:53</controlfield>
	<controlfield tag="003">RERO</controlfield>
	<controlfield tag="005">20170519112200.0</controlfield>
	<controlfield tag="008">070205m19599999fr |||||| ||||00|| |fre d</controlfield>
	<datafield ind1=" " ind2=" " tag="035">
		<subfield code="a">R004324537</subfield>
	</datafield>
	<datafield ind1=" " ind2="9" tag="039">
		<subfield code="a">201705191122</subfield>
		<subfield code="b">VLOAD</subfield>
		<subfield code="c">200709192053</subfield>
		<subfield code="d">VLOAD</subfield>
		<subfield code="c">200702051249</subfield>
		<subfield code="d">6040</subfield>
		<subfield code="y">200702051237</subfield>
		<subfield code="z">6040</subfield>
	</datafield>
	<datafield ind1=" " ind2=" " tag="040">
		<subfield code="a">RERO gevbpu</subfield>
	</datafield>
	<datafield ind1=" " ind2="7" tag="072">
		<subfield code="a">s1hs</subfield>
		<subfield code="2">rero</subfield>
	</datafield>
	<datafield ind1="0" ind2="0" tag="245">
		<subfield code="a">Armorial des chefs-lieux de canton du Département de L'Aveyron /</subfield>
		<subfield code="c">textes historiques de Marc-André Fabre ; descriptions héraldiques et compositions graphiques de Robert Louis</subfield>
	</datafield>
	<datafield ind1=" " ind2="1" tag="264">
		<subfield code="a">Troyes :</subfield>
		<subfield code="b">La Renaissance,</subfield>
		<subfield code="c">1959-</subfield>
	</datafield>
	<datafield ind1=" " ind2=" " tag="300">
		<subfield code="c">27 cm</subfield>
	</datafield>
	<datafield ind1=" " ind2=" " tag="336">
		<subfield code="b">txt</subfield>
		<subfield code="2">rdacontent</subfield>
	</datafield>
	<datafield ind1=" " ind2=" " tag="337">
		<subfield code="b">n</subfield>
		<subfield code="2">rdamedia</subfield>
	</datafield>
	<datafield ind1=" " ind2=" " tag="338">
		<subfield code="b">nc</subfield>
		<subfield code="2">rdacarrier</subfield>
	</datafield>
	<datafield ind1=" " ind2=" " tag="339">
		<subfield code="a">docmaintype_book</subfield>
		<subfield code="b">docsubtype_other_book</subfield>
	</datafield>
	<datafield ind1="0" ind2=" " tag="505">
		<subfield code="g">T. 1: Chefs-lieux de cantons</subfield>
	</datafield>
	<datafield ind1="1" ind2=" " tag="700">
		<subfield code="a">Fabre, Marc-André</subfield>
		<subfield code="0">(IDREF)030599296</subfield>
	</datafield>
	<datafield ind1="1" ind2=" " tag="700">
		<subfield code="a">Louis, Robert</subfield>
	</datafield>
	<datafield ind1=" " ind2=" " tag="900">
		<subfield code="a">noselfmerge</subfield>
	</datafield>
	<datafield ind1=" " ind2=" " tag="957">
		<subfield code="a">gevbge</subfield>
	</datafield>
</record>