

<record>
	<leader>01339nas a2200385 a 4500</leader>
	<controlfield tag="001">REROILS:10</controlfield>
	<controlfield tag="003">RERO</controlfield>
	<controlfield tag="005">20190705121100.0</controlfield>
	<controlfield tag="008">971001c19969999sa |||p|  ||||0 |  0eng d</controlfield>
	<datafield ind1=" " ind2=" " tag="022">
		<subfield code="m">0441-6651</subfield>
	</datafield>
	<datafield ind1=" " ind2=" " tag="022">
		<subfield code="a">2156-4574</subfield>
	</datafield>
	<datafield ind1=" " ind2=" " tag="035">
		<subfield code="a">R219513060</subfield>
	</datafield>
	<datafield ind1=" " ind2="7" tag="039">
		<subfield code="b">6500</subfield>
	</datafield>
	<datafield ind1=" " ind2="9" tag="039">
		<subfield code="a">201907051211</subfield>
		<subfield code="b">VLOAD</subfield>
		<subfield code="c">201811161905</subfield>
		<subfield code="d">VLOAD</subfield>
		<subfield code="c">201706102013</subfield>
		<subfield code="d">VLOAD</subfield>
		<subfield code="c">201202241127</subfield>
		<subfield code="d">6500</subfield>
		<subfield code="y">1999030119240000</subfield>
		<subfield code="z">load0065</subfield>
	</datafield>
	<datafield ind1=" " ind2=" " tag="040">
		<subfield code="a">RERO gevmhn</subfield>
	</datafield>
	<datafield ind1=" " ind2="7" tag="072">
		<subfield code="a">s1zo</subfield>
		<subfield code="2">rero</subfield>
	</datafield>
	<datafield ind1="0" ind2="0" tag="245">
		<subfield code="a">African journal of herpetology :</subfield>
		<subfield code="b">journal of the Herpetological Association of Africa</subfield>
	</datafield>
	<datafield ind1=" " ind2="1" tag="264">
		<subfield code="a">Bloemfontein :</subfield>
		<subfield code="b">H.A.A.</subfield>
	</datafield>
	<datafield ind1=" " ind2=" " tag="310">
		<subfield code="a">Semestriel</subfield>
	</datafield>
	<datafield ind1=" " ind2=" " tag="336">
		<subfield code="b">txt</subfield>
		<subfield code="2">rdacontent</subfield>
	</datafield>
	<datafield ind1=" " ind2=" " tag="337">
		<subfield code="b">n</subfield>
		<subfield code="2">rdamedia</subfield>
	</datafield>
	<datafield ind1=" " ind2=" " tag="338">
		<subfield code="b">nc</subfield>
		<subfield code="2">rdacarrier</subfield>
	</datafield>
	<datafield ind1=" " ind2=" " tag="339">
		<subfield code="a">docmaintype_serial</subfield>
	</datafield>
	<datafield ind1="0" ind2=" " tag="362">
		<subfield code="a">45(1996)-&gt;</subfield>
	</datafield>
	<datafield ind1=" " ind2=" " tag="580">
		<subfield code="a">Fait suite à: Journal of the Herpetological Association of Africa</subfield>
	</datafield>
	<datafield ind1=" " ind2="7" tag="650">
		<subfield code="a">Herpétologie</subfield>
		<subfield code="2">rero</subfield>
	</datafield>
	<datafield ind1=" " ind2="7" tag="651">
		<subfield code="a">Afrique</subfield>
		<subfield code="2">rero</subfield>
		<subfield code="0">(IDREF)027218546</subfield>
	</datafield>
	<datafield ind1=" " ind2="7" tag="655">
		<subfield code="a">[Périodiques]</subfield>
		<subfield code="2">rero</subfield>
	</datafield>
	<datafield ind1="2" ind2=" " tag="710">
		<subfield code="a">Herpetological Association of Africa</subfield>
	</datafield>
	<datafield ind1="1" ind2="0" tag="780">
		<subfield code="t">Journal of the Herpetological Association of Africa</subfield>
		<subfield code="w">REROILS:2000028</subfield>
	</datafield>
	<datafield ind1=" " ind2=" " tag="900">
		<subfield code="a">noselfmerge</subfield>
	</datafield>
	<datafield ind1=" " ind2=" " tag="919">
		<subfield code="9">650 _7</subfield>
		<subfield code="a">herpétologie</subfield>
		<subfield code="z">Afrique</subfield>
		<subfield code="v">[périodique]</subfield>
		<subfield code="2">chrero</subfield>
	</datafield>
	<datafield ind1=" " ind2=" " tag="957">
		<subfield code="a">gevmhn</subfield>
	</datafield>
	<datafield ind1=" " ind2=" " tag="982">
		<subfield code="2">ge-vmhn</subfield>
		<subfield code="a">R 3 Af 1</subfield>
	</datafield>
</record>