

<record>
	<leader>01284nam a2200397 a 4500</leader>
	<controlfield tag="001">REROILS:241</controlfield>
	<controlfield tag="003">RERO</controlfield>
	<controlfield tag="005">20181208153800.0</controlfield>
	<controlfield tag="008">010121s1999    gw ||| |  ||||00|  |ger d</controlfield>
	<datafield ind1=" " ind2=" " tag="020">
		<subfield code="a">9783805319010</subfield>
	</datafield>
	<datafield ind1=" " ind2=" " tag="035">
		<subfield code="a">R270662160</subfield>
	</datafield>
	<datafield ind1=" " ind2=" " tag="039">
		<subfield code="b">7320i</subfield>
	</datafield>
	<datafield ind1=" " ind2="9" tag="039">
		<subfield code="a">201812081538</subfield>
		<subfield code="b">VLOAD</subfield>
		<subfield code="c">201706111218</subfield>
		<subfield code="d">VLOAD</subfield>
		<subfield code="c">201612131028</subfield>
		<subfield code="d">VLOAD</subfield>
		<subfield code="c">200812221315</subfield>
		<subfield code="d">VLOAD</subfield>
		<subfield code="y">200009202314</subfield>
		<subfield code="z">VLOAD</subfield>
	</datafield>
	<datafield ind1=" " ind2=" " tag="040">
		<subfield code="a">RERO geulsa</subfield>
	</datafield>
	<datafield ind1=" " ind2="7" tag="072">
		<subfield code="a">s1or</subfield>
		<subfield code="2">rero</subfield>
	</datafield>
	<datafield ind1="1" ind2=" " tag="100">
		<subfield code="a">Boehmer, Rainer Michael</subfield>
		<subfield code="4">cre</subfield>
		<subfield code="0">(IDREF)028431391</subfield>
	</datafield>
	<datafield ind1="1" ind2="0" tag="245">
		<subfield code="a">Uruk :</subfield>
		<subfield code="b">früheste Siegelabrollungen /</subfield>
		<subfield code="c">von Rainer Michael Boehmer</subfield>
	</datafield>
	<datafield ind1=" " ind2="1" tag="264">
		<subfield code="a">Mainz am Rh. :</subfield>
		<subfield code="b">P. von Zabern,</subfield>
		<subfield code="c">1999</subfield>
	</datafield>
	<datafield ind1=" " ind2=" " tag="300">
		<subfield code="a">XII, 214 p., 104 p. de pl. :</subfield>
		<subfield code="b">ill. ;</subfield>
		<subfield code="c">36 cm</subfield>
	</datafield>
	<datafield ind1=" " ind2=" " tag="336">
		<subfield code="b">txt</subfield>
		<subfield code="2">rdacontent</subfield>
	</datafield>
	<datafield ind1=" " ind2=" " tag="337">
		<subfield code="b">n</subfield>
		<subfield code="2">rdamedia</subfield>
	</datafield>
	<datafield ind1=" " ind2=" " tag="338">
		<subfield code="b">nc</subfield>
		<subfield code="2">rdacarrier</subfield>
	</datafield>
	<datafield ind1=" " ind2=" " tag="339">
		<subfield code="a">docmaintype_book</subfield>
		<subfield code="b">docsubtype_other_book</subfield>
	</datafield>
	<datafield ind1="1" ind2=" " tag="490">
		<subfield code="a">Ausgrabungen in Uruk-Warka. Endberichte</subfield>
		<subfield code="v">24</subfield>
	</datafield>
	<datafield ind1=" " ind2="7" tag="650">
		<subfield code="a">Sceaux akkadiens</subfield>
		<subfield code="2">rero</subfield>
	</datafield>
	<datafield ind1=" " ind2="7" tag="651">
		<subfield code="a">Ourouk (Irak)</subfield>
		<subfield code="2">rero</subfield>
	</datafield>
	<datafield ind1=" " ind2="0" tag="830">
		<subfield code="a">Ausgrabungen in Uruk-Warka.</subfield>
		<subfield code="p">Endberichte</subfield>
		<subfield code="v">24</subfield>
		<subfield code="w">REROILS:2000030</subfield>
	</datafield>
	<datafield ind1=" " ind2=" " tag="900">
		<subfield code="a">noselfmerge</subfield>
	</datafield>
	<datafield ind1=" " ind2=" " tag="901">
		<subfield code="a">LAR BHT</subfield>
		<subfield code="b">2001/10</subfield>
		<subfield code="c">SAT</subfield>
	</datafield>
	<datafield ind1=" " ind2=" " tag="902">
		<subfield code="a">geulsa</subfield>
		<subfield code="b">2000/06</subfield>
	</datafield>
	<datafield ind1=" " ind2=" " tag="919">
		<subfield code="9">650 _7</subfield>
		<subfield code="a">sceau akkadien</subfield>
		<subfield code="z">Ourouk (Irak)</subfield>
		<subfield code="2">chrero</subfield>
	</datafield>
	<datafield ind1=" " ind2=" " tag="956">
		<subfield code="a">frbcuc</subfield>
	</datafield>
	<datafield ind1=" " ind2=" " tag="957">
		<subfield code="a">geulsa</subfield>
	</datafield>
	<datafield ind1=" " ind2=" " tag="981">
		<subfield code="2">CDU</subfield>
		<subfield code="a">94.2</subfield>
	</datafield>
	<datafield ind1=" " ind2=" " tag="982">
		<subfield code="2">ge-ulsa</subfield>
		<subfield code="a">OC:A f*Iraq Uruk AUWE 24</subfield>
	</datafield>
	<datafield ind1=" " ind2=" " tag="992">
		<subfield code="a">BFLC 321/24</subfield>
		<subfield code="x">ge/ulsa/a/2000/164</subfield>
	</datafield>
</record>