

<record>
	<leader>01154nam a22003737a 4500</leader>
	<controlfield tag="001">REROILS:146</controlfield>
	<controlfield tag="003">RERO</controlfield>
	<controlfield tag="005">20180828121700.0</controlfield>
	<controlfield tag="008">000918s1999    xxu||| |  ||||00|  |eng d</controlfield>
	<datafield ind1=" " ind2=" " tag="020">
		<subfield code="a">9780130105349</subfield>
	</datafield>
	<datafield ind1=" " ind2=" " tag="035">
		<subfield code="a">R269382460</subfield>
	</datafield>
	<datafield ind1=" " ind2=" " tag="039">
		<subfield code="b">0109</subfield>
		<subfield code="b">0006i</subfield>
	</datafield>
	<datafield ind1=" " ind2="9" tag="039">
		<subfield code="a">201808281217</subfield>
		<subfield code="b">VLOAD</subfield>
		<subfield code="c">201706111155</subfield>
		<subfield code="d">VLOAD</subfield>
		<subfield code="c">200812210823</subfield>
		<subfield code="d">VLOAD</subfield>
		<subfield code="c">200605290322</subfield>
		<subfield code="d">VLOAD</subfield>
		<subfield code="y">200009180415</subfield>
		<subfield code="z">VLOAD</subfield>
	</datafield>
	<datafield ind1=" " ind2=" " tag="040">
		<subfield code="a">RERO frbcuc</subfield>
	</datafield>
	<datafield ind1=" " ind2="7" tag="072">
		<subfield code="a">s1in</subfield>
		<subfield code="2">rero</subfield>
	</datafield>
	<datafield ind1="1" ind2=" " tag="100">
		<subfield code="a">Linden, Peter van der</subfield>
		<subfield code="4">cre</subfield>
		<subfield code="0">(IDREF)198276958</subfield>
	</datafield>
	<datafield ind1="1" ind2="0" tag="245">
		<subfield code="a">Just Java 1.2 /</subfield>
		<subfield code="c">Peter van der Linden</subfield>
	</datafield>
	<datafield ind1=" " ind2=" " tag="250">
		<subfield code="a">4th ed.</subfield>
	</datafield>
	<datafield ind1=" " ind2="1" tag="264">
		<subfield code="a">Palo Alto Calif. :</subfield>
		<subfield code="b">Sun Microsystems Press,</subfield>
		<subfield code="c">[1999]</subfield>
	</datafield>
	<datafield ind1=" " ind2="4" tag="264">
		<subfield code="c">© 1999</subfield>
	</datafield>
	<datafield ind1=" " ind2=" " tag="300">
		<subfield code="a">777 p. :</subfield>
		<subfield code="b">ill. ;</subfield>
		<subfield code="c">24 cm +</subfield>
		<subfield code="e">1 CD-ROM</subfield>
	</datafield>
	<datafield ind1=" " ind2=" " tag="336">
		<subfield code="b">txt</subfield>
		<subfield code="2">rdacontent</subfield>
	</datafield>
	<datafield ind1=" " ind2=" " tag="337">
		<subfield code="b">n</subfield>
		<subfield code="2">rdamedia</subfield>
	</datafield>
	<datafield ind1=" " ind2=" " tag="338">
		<subfield code="b">nc</subfield>
		<subfield code="2">rdacarrier</subfield>
	</datafield>
	<datafield ind1=" " ind2=" " tag="339">
		<subfield code="a">docmaintype_book</subfield>
		<subfield code="b">docsubtype_other_book</subfield>
	</datafield>
	<datafield ind1="1" ind2=" " tag="490">
		<subfield code="a">Java series</subfield>
	</datafield>
	<datafield ind1=" " ind2="7" tag="650">
		<subfield code="a">Java (langage de programmation)</subfield>
		<subfield code="2">rero</subfield>
	</datafield>
	<datafield ind1=" " ind2="7" tag="655">
		<subfield code="a">[Manuels d'enseignement]</subfield>
		<subfield code="2">rero</subfield>
	</datafield>
	<datafield ind1=" " ind2="0" tag="830">
		<subfield code="a">Java series.</subfield>
		<subfield code="p">Sunsoft Press</subfield>
		<subfield code="w">REROILS:2000031</subfield>
	</datafield>
	<datafield ind1=" " ind2=" " tag="900">
		<subfield code="a">noselfmerge</subfield>
	</datafield>
	<datafield ind1=" " ind2=" " tag="901">
		<subfield code="a">LAR DOKP</subfield>
		<subfield code="b">2000/05</subfield>
		<subfield code="c">IUF</subfield>
	</datafield>
	<datafield ind1=" " ind2=" " tag="919">
		<subfield code="9">650 _7</subfield>
		<subfield code="a">Java (langage de programmation)</subfield>
		<subfield code="v">[manuel]</subfield>
		<subfield code="2">chrero</subfield>
	</datafield>
	<datafield ind1=" " ind2=" " tag="956">
		<subfield code="a">frbcuc</subfield>
	</datafield>
	<datafield ind1=" " ind2=" " tag="981">
		<subfield code="2">DIUF</subfield>
		<subfield code="a">1.4.4</subfield>
	</datafield>
</record>