

<record>
	<leader>02463nam a2200493 a 4500</leader>
	<controlfield tag="001">REROILS:129</controlfield>
	<controlfield tag="003">RERO</controlfield>
	<controlfield tag="005">20201006172600.0</controlfield>
	<controlfield tag="008">960525s1975    gr |||||| ||||00|| |gre d</controlfield>
	<datafield ind1=" " ind2=" " tag="035">
		<subfield code="a">0103824</subfield>
	</datafield>
	<datafield ind1=" " ind2="9" tag="039">
		<subfield code="a">202010061726</subfield>
		<subfield code="b">AUTHORITY</subfield>
		<subfield code="c">202001162350</subfield>
		<subfield code="d">VLOAD</subfield>
		<subfield code="c">201812080936</subfield>
		<subfield code="d">VLOAD</subfield>
		<subfield code="c">201711250712</subfield>
		<subfield code="d">VLOAD</subfield>
		<subfield code="y">1999022712370000</subfield>
		<subfield code="z">load</subfield>
	</datafield>
	<datafield ind1=" " ind2=" " tag="040">
		<subfield code="a">RERO</subfield>
	</datafield>
	<datafield ind1=" " ind2="7" tag="072">
		<subfield code="a">s1ar</subfield>
		<subfield code="2">rero</subfield>
	</datafield>
	<datafield ind1="1" ind2=" " tag="100">
		<subfield code="6">880-01</subfield>
		<subfield code="a">Mylōnas, Geōrgios Emmanouēl</subfield>
		<subfield code="4">cre</subfield>
	</datafield>
	<datafield ind1="1" ind2="3" tag="245">
		<subfield code="6">880-02</subfield>
		<subfield code="a">To dytikon nekrotapheion tēs Eleusinos /</subfield>
		<subfield code="c">hypo Geōrgiou E. Mylona</subfield>
	</datafield>
	<datafield ind1="3" ind2=" " tag="246">
		<subfield code="a">Dytikón nekrotafeíon ti̲s Elef̲sínos / ypó Geo̲rgíou E. Myloná</subfield>
	</datafield>
	<datafield ind1=" " ind2="1" tag="264">
		<subfield code="6">880-03</subfield>
		<subfield code="a">En Athi̲nais :</subfield>
		<subfield code="b">Archaiologiki̲ Etaireía,</subfield>
		<subfield code="c">1975</subfield>
	</datafield>
	<datafield ind1=" " ind2=" " tag="300">
		<subfield code="a">3 vol. :</subfield>
		<subfield code="b">fig. ;</subfield>
		<subfield code="c">31 cm</subfield>
	</datafield>
	<datafield ind1=" " ind2=" " tag="336">
		<subfield code="b">txt</subfield>
		<subfield code="2">rdacontent</subfield>
	</datafield>
	<datafield ind1=" " ind2=" " tag="337">
		<subfield code="b">n</subfield>
		<subfield code="2">rdamedia</subfield>
	</datafield>
	<datafield ind1=" " ind2=" " tag="338">
		<subfield code="b">nc</subfield>
		<subfield code="2">rdacarrier</subfield>
	</datafield>
	<datafield ind1=" " ind2=" " tag="339">
		<subfield code="a">docmaintype_book</subfield>
		<subfield code="b">docsubtype_other_book</subfield>
	</datafield>
	<datafield ind1="1" ind2=" " tag="490">
		<subfield code="6">880-04</subfield>
		<subfield code="a">Vivliothi̲ki̲ ti̲s en Athi̲nais archaiologiki̲s etaireías</subfield>
		<subfield code="v">81</subfield>
	</datafield>
	<datafield ind1=" " ind2="7" tag="650">
		<subfield code="a">nécropole grecque antique</subfield>
		<subfield code="2">rerovoc</subfield>
	</datafield>
	<datafield ind1=" " ind2="7" tag="650">
		<subfield code="a">époque helladique</subfield>
		<subfield code="2">rerovoc</subfield>
	</datafield>
	<datafield ind1=" " ind2="7" tag="650">
		<subfield code="a">2600 av. J.-C.-410</subfield>
		<subfield code="2">rero</subfield>
	</datafield>
	<datafield ind1=" " ind2="7" tag="650">
		<subfield code="a">Epoque impériale romaine (Rome ; 30 av. J.-C.-476)</subfield>
		<subfield code="2">rero</subfield>
	</datafield>
	<datafield ind1=" " ind2="7" tag="650">
		<subfield code="a">Tombes grecques</subfield>
		<subfield code="2">rero</subfield>
	</datafield>
	<datafield ind1=" " ind2="7" tag="651">
		<subfield code="a">Eleusis (Grèce)</subfield>
		<subfield code="2">rero</subfield>
	</datafield>
	<datafield ind1=" " ind2="0" tag="830">
		<subfield code="6">880-05</subfield>
		<subfield code="a">Vivliothēkē tēs en Athēnais Archaiologikēs Etaireias</subfield>
		<subfield code="v">81</subfield>
		<subfield code="w">REROILS:2000032</subfield>
	</datafield>
	<datafield ind1="1" ind2=" " tag="880">
		<subfield code="6">100-01/(S</subfield>
		<subfield code="a">Μυλωνάς, Γεώργιος Εμμανουήλ</subfield>
	</datafield>
	<datafield ind1="1" ind2="3" tag="880">
		<subfield code="6">245-02/(S</subfield>
		<subfield code="a">Το δυτικόν νεκροταφείον της Ελευσίνος /</subfield>
		<subfield code="c">υπό Γεωργίου Ε. Μυλωνά</subfield>
	</datafield>
	<datafield ind1="1" ind2=" " tag="880">
		<subfield code="6">490-04/(S</subfield>
		<subfield code="a">Βιβλιοθήκη της εν Αθήναις αρχαιολογικής εταιρείας</subfield>
		<subfield code="v">81</subfield>
	</datafield>
	<datafield ind1=" " ind2="0" tag="880">
		<subfield code="6">830-05/(S</subfield>
		<subfield code="a">Βιβλιοθήκη της εν Αθήναις Αρχαιολογικής Εταιρείας</subfield>
		<subfield code="v">81</subfield>
	</datafield>
	<datafield ind1=" " ind2="1" tag="880">
		<subfield code="6">264-03/(S</subfield>
		<subfield code="a">Εν Αθήναις :</subfield>
		<subfield code="b">Αρχαιολογική Εταιρεία,</subfield>
		<subfield code="c">1975</subfield>
	</datafield>
	<datafield ind1=" " ind2=" " tag="900">
		<subfield code="a">noselfmerge</subfield>
	</datafield>
	<datafield ind1=" " ind2=" " tag="919">
		<subfield code="9">650 _7</subfield>
		<subfield code="a">nécropole grecque antique</subfield>
		<subfield code="z">Eleusis (Grèce)</subfield>
		<subfield code="y">époque helladique / époque impériale romaine</subfield>
		<subfield code="2">chrero</subfield>
	</datafield>
	<datafield ind1=" " ind2=" " tag="919">
		<subfield code="9">650 _7</subfield>
		<subfield code="a">tombe grecque antique</subfield>
		<subfield code="z">Eleusis (Grèce)</subfield>
		<subfield code="y">époque helladique / époque impériale romaine</subfield>
		<subfield code="2">chrero</subfield>
	</datafield>
	<datafield ind1=" " ind2=" " tag="956">
		<subfield code="a">frbcuc</subfield>
	</datafield>
	<datafield ind1=" " ind2=" " tag="957">
		<subfield code="a">geulsa</subfield>
	</datafield>
	<datafield ind1=" " ind2=" " tag="981">
		<subfield code="2">CDU</subfield>
		<subfield code="a">904(385):726</subfield>
	</datafield>
	<datafield ind1=" " ind2=" " tag="982">
		<subfield code="2">ge-ulsa</subfield>
		<subfield code="a">AC:5*Eleusis</subfield>
	</datafield>
	<datafield ind1=" " ind2=" " tag="992">
		<subfield code="a">BFLB 26703</subfield>
		<subfield code="x">ge/ulsa/a/78/flx 1979</subfield>
	</datafield>
</record>