

<record>
	<leader>01241nam a2200361 a 4500</leader>
	<controlfield tag="001">REROILS:134</controlfield>
	<controlfield tag="003">RERO</controlfield>
	<controlfield tag="005">20170610214700.0</controlfield>
	<controlfield tag="008">000908s1976    fr |||||| ||||00|| |eng d</controlfield>
	<datafield ind1=" " ind2=" " tag="020">
		<subfield code="a">9789264114944</subfield>
	</datafield>
	<datafield ind1=" " ind2=" " tag="035">
		<subfield code="a">1063144</subfield>
	</datafield>
	<datafield ind1=" " ind2="9" tag="039">
		<subfield code="a">201706102147</subfield>
		<subfield code="b">VLOAD</subfield>
		<subfield code="c">200812221000</subfield>
		<subfield code="d">VLOAD</subfield>
		<subfield code="c">200811181654</subfield>
		<subfield code="d">VLOAD</subfield>
		<subfield code="c">200711021629</subfield>
		<subfield code="d">7471</subfield>
		<subfield code="y">1999022810480000</subfield>
		<subfield code="z">load</subfield>
	</datafield>
	<datafield ind1=" " ind2=" " tag="040">
		<subfield code="a">RERO geuceh</subfield>
	</datafield>
	<datafield ind1="1" ind2=" " tag="041">
		<subfield code="a">eng</subfield>
		<subfield code="h">fre</subfield>
	</datafield>
	<datafield ind1=" " ind2="7" tag="072">
		<subfield code="a">s1se</subfield>
		<subfield code="2">rero</subfield>
	</datafield>
	<datafield ind1="1" ind2=" " tag="100">
		<subfield code="a">Mäler, Karl-Göran</subfield>
		<subfield code="4">cre</subfield>
		<subfield code="0">(IDREF)056746512</subfield>
	</datafield>
	<datafield ind1="1" ind2="0" tag="245">
		<subfield code="a">Economic measurement of environmental damage :</subfield>
		<subfield code="b">a technical handbook /</subfield>
		<subfield code="c">by Karl Göran Mäler and Ronald E. Wyzga</subfield>
	</datafield>
	<datafield ind1=" " ind2="1" tag="264">
		<subfield code="a">Paris :</subfield>
		<subfield code="b">OECD,</subfield>
		<subfield code="c">1976</subfield>
	</datafield>
	<datafield ind1=" " ind2=" " tag="300">
		<subfield code="a">151 p. :</subfield>
		<subfield code="b">ill. ;</subfield>
		<subfield code="c">24 cm</subfield>
	</datafield>
	<datafield ind1=" " ind2=" " tag="336">
		<subfield code="b">txt</subfield>
		<subfield code="2">rdacontent</subfield>
	</datafield>
	<datafield ind1=" " ind2=" " tag="337">
		<subfield code="b">n</subfield>
		<subfield code="2">rdamedia</subfield>
	</datafield>
	<datafield ind1=" " ind2=" " tag="338">
		<subfield code="b">nc</subfield>
		<subfield code="2">rdacarrier</subfield>
	</datafield>
	<datafield ind1=" " ind2=" " tag="339">
		<subfield code="a">docmaintype_book</subfield>
		<subfield code="b">docsubtype_other_book</subfield>
	</datafield>
	<datafield ind1=" " ind2=" " tag="500">
		<subfield code="a">Traduit de: La mesure économique des dommages dans le domaine de l'environnement</subfield>
	</datafield>
	<datafield ind1=" " ind2="7" tag="650">
		<subfield code="a">Coût</subfield>
		<subfield code="2">rero</subfield>
	</datafield>
	<datafield ind1=" " ind2="7" tag="650">
		<subfield code="a">dommage</subfield>
		<subfield code="2">rerovoc</subfield>
	</datafield>
	<datafield ind1=" " ind2="7" tag="650">
		<subfield code="a">Environnement</subfield>
		<subfield code="2">rero</subfield>
	</datafield>
	<datafield ind1="1" ind2=" " tag="700">
		<subfield code="a">Wyzga, Ronald E</subfield>
		<subfield code="0">(IDREF)234848111</subfield>
	</datafield>
	<datafield ind1="2" ind2=" " tag="710">
		<subfield code="a">Organisation de coopération et de développement économiques (Paris)</subfield>
		<subfield code="0">(IDREF)086251392</subfield>
	</datafield>
	<datafield ind1=" " ind2=" " tag="900">
		<subfield code="a">noselfmerge</subfield>
	</datafield>
	<datafield ind1=" " ind2=" " tag="919">
		<subfield code="9">650 _7</subfield>
		<subfield code="a">coût</subfield>
		<subfield code="x">dommage</subfield>
		<subfield code="x">environnement</subfield>
		<subfield code="2">chrero</subfield>
	</datafield>
	<datafield ind1=" " ind2=" " tag="957">
		<subfield code="a">geudbu</subfield>
	</datafield>
	<datafield ind1=" " ind2=" " tag="992">
		<subfield code="a">SESA 50451</subfield>
		<subfield code="x">ge/uses/d/89/1820</subfield>
	</datafield>
</record>