

<record>
	<leader>01166nam a2200361 a 4500</leader>
	<controlfield tag="001">REROILS:270</controlfield>
	<controlfield tag="003">RERO</controlfield>
	<controlfield tag="005">20180831131600.0</controlfield>
	<controlfield tag="008">030909s2003    xxk||| |  ||||00|  |eng d</controlfield>
	<datafield ind1=" " ind2=" " tag="020">
		<subfield code="a">9780199249053</subfield>
	</datafield>
	<datafield ind1="7" ind2=" " tag="024">
		<subfield code="a">http://catalogue.bnf.fr/ark:/12148/cb38894599z</subfield>
		<subfield code="2">uri</subfield>
	</datafield>
	<datafield ind1=" " ind2=" " tag="035">
		<subfield code="a">R003404321</subfield>
	</datafield>
	<datafield ind1=" " ind2="7" tag="039">
		<subfield code="b">8019</subfield>
	</datafield>
	<datafield ind1=" " ind2="9" tag="039">
		<subfield code="a">201808311316</subfield>
		<subfield code="b">VLOAD</subfield>
		<subfield code="c">201808081843</subfield>
		<subfield code="d">VLOAD</subfield>
		<subfield code="c">201807271619</subfield>
		<subfield code="d">VLOAD</subfield>
		<subfield code="c">201711251950</subfield>
		<subfield code="d">VLOAD</subfield>
		<subfield code="y">200309091220</subfield>
		<subfield code="z">8021</subfield>
	</datafield>
	<datafield ind1=" " ind2=" " tag="040">
		<subfield code="a">RERO labcud</subfield>
	</datafield>
	<datafield ind1=" " ind2="7" tag="072">
		<subfield code="a">s1lg</subfield>
		<subfield code="2">rero</subfield>
	</datafield>
	<datafield ind1="1" ind2=" " tag="100">
		<subfield code="a">Jasanoff, Jay H</subfield>
		<subfield code="4">cre</subfield>
		<subfield code="0">(IDREF)080001858</subfield>
	</datafield>
	<datafield ind1="1" ind2="0" tag="245">
		<subfield code="a">Hittite and the Indo-European verb /</subfield>
		<subfield code="c">Jay H. Jasanoff</subfield>
	</datafield>
	<datafield ind1=" " ind2="1" tag="264">
		<subfield code="a">Oxford :</subfield>
		<subfield code="b">Oxford Univ. press,</subfield>
		<subfield code="c">2003</subfield>
	</datafield>
	<datafield ind1=" " ind2=" " tag="300">
		<subfield code="a">XIV, 270 p. ;</subfield>
		<subfield code="c">25 cm</subfield>
	</datafield>
	<datafield ind1=" " ind2=" " tag="336">
		<subfield code="b">txt</subfield>
		<subfield code="2">rdacontent</subfield>
	</datafield>
	<datafield ind1=" " ind2=" " tag="337">
		<subfield code="b">n</subfield>
		<subfield code="2">rdamedia</subfield>
	</datafield>
	<datafield ind1=" " ind2=" " tag="338">
		<subfield code="b">nc</subfield>
		<subfield code="2">rdacarrier</subfield>
	</datafield>
	<datafield ind1=" " ind2=" " tag="339">
		<subfield code="a">docmaintype_book</subfield>
		<subfield code="b">docsubtype_other_book</subfield>
	</datafield>
	<datafield ind1=" " ind2="7" tag="650">
		<subfield code="a">Hittite (langue)</subfield>
		<subfield code="2">rero</subfield>
	</datafield>
	<datafield ind1=" " ind2="7" tag="650">
		<subfield code="a">Verbes</subfield>
		<subfield code="2">rero</subfield>
	</datafield>
	<datafield ind1=" " ind2="7" tag="650">
		<subfield code="a">Indo-européen commun (langue)</subfield>
		<subfield code="2">rero</subfield>
	</datafield>
	<datafield ind1=" " ind2=" " tag="900">
		<subfield code="a">noselfmerge</subfield>
	</datafield>
	<datafield ind1=" " ind2=" " tag="902">
		<subfield code="a">geulsa</subfield>
		<subfield code="b">2004/01</subfield>
	</datafield>
	<datafield ind1=" " ind2=" " tag="919">
		<subfield code="9">650 _7</subfield>
		<subfield code="a">hittite (langue)</subfield>
		<subfield code="x">proto-indo-européen (langue)</subfield>
		<subfield code="x">verbe</subfield>
		<subfield code="2">chrero</subfield>
	</datafield>
	<datafield ind1=" " ind2=" " tag="957">
		<subfield code="a">geulsa</subfield>
	</datafield>
	<datafield ind1=" " ind2=" " tag="982">
		<subfield code="2">ge-ulsa</subfield>
		<subfield code="a">GC:4 Hitt*1306</subfield>
	</datafield>
	<datafield ind1=" " ind2=" " tag="992">
		<subfield code="a">BFLA 165113</subfield>
		<subfield code="x">ge/ulsa/a/04/31</subfield>
	</datafield>
</record>