

<record>
	<leader>01522naa a22003492a 4500</leader>
	<controlfield tag="001">REROILS:25</controlfield>
	<controlfield tag="003">RERO</controlfield>
	<controlfield tag="005">20200121180000.0</controlfield>
	<controlfield tag="008">970725s1940    it ||| |  ||||00|  |fre d</controlfield>
	<datafield ind1=" " ind2=" " tag="019">
		<subfield code="a">Attention champ 933 issu de la migration d'Alexandria à conserver temporairement</subfield>
		<subfield code="9">iftfla/12.2009</subfield>
		<subfield code="5">alexrero</subfield>
	</datafield>
	<datafield ind1=" " ind2=" " tag="019">
		<subfield code="a">Notice issue de la migration Alexandria</subfield>
		<subfield code="9">iftfla/12.2009</subfield>
	</datafield>
	<datafield ind1=" " ind2=" " tag="035">
		<subfield code="a">bv01017548</subfield>
	</datafield>
	<datafield ind1=" " ind2="9" tag="039">
		<subfield code="a">202001211800</subfield>
		<subfield code="b">VLOAD</subfield>
		<subfield code="c">201711272056</subfield>
		<subfield code="d">VLOAD</subfield>
		<subfield code="c">201711271715</subfield>
		<subfield code="d">VLOAD</subfield>
		<subfield code="c">201705220758</subfield>
		<subfield code="d">VLOAD</subfield>
		<subfield code="y">200912101854</subfield>
		<subfield code="z">VLOAD</subfield>
	</datafield>
	<datafield ind1=" " ind2=" " tag="040">
		<subfield code="a">RERO iftfla</subfield>
	</datafield>
	<datafield ind1=" " ind2="7" tag="072">
		<subfield code="a">s1dr</subfield>
		<subfield code="2">rero</subfield>
	</datafield>
	<datafield ind1="1" ind2=" " tag="100">
		<subfield code="a">Knapp, C</subfield>
		<subfield code="4">cre</subfield>
	</datafield>
	<datafield ind1="1" ind2="0" tag="245">
		<subfield code="a">Quelques questions en matière de droits réels examinées à la lumière du droit suisse :</subfield>
		<subfield code="b">(Notes et observations à la chronique de la jurisprudence française en matière de droits réels de l'année 1937) /</subfield>
		<subfield code="c">C. Knapp</subfield>
	</datafield>
	<datafield ind1=" " ind2="1" tag="264">
		<subfield code="a">Roma,</subfield>
		<subfield code="c">1940</subfield>
	</datafield>
	<datafield ind1=" " ind2=" " tag="300">
		<subfield code="a">P. 177-222 ;</subfield>
		<subfield code="c">27 cm</subfield>
	</datafield>
	<datafield ind1=" " ind2=" " tag="336">
		<subfield code="b">txt</subfield>
		<subfield code="2">rdacontent</subfield>
	</datafield>
	<datafield ind1=" " ind2=" " tag="337">
		<subfield code="b">n</subfield>
		<subfield code="2">rdamedia</subfield>
	</datafield>
	<datafield ind1=" " ind2=" " tag="338">
		<subfield code="b">nc</subfield>
		<subfield code="2">rdacarrier</subfield>
	</datafield>
	<datafield ind1=" " ind2=" " tag="339">
		<subfield code="a">docmaintype_article</subfield>
	</datafield>
	<datafield ind1=" " ind2=" " tag="580">
		<subfield code="a">(Estratto dalla Giurisprudenza comparata di diritto civile - Vol. V)</subfield>
	</datafield>
	<datafield ind1=" " ind2=" " tag="580">
		<subfield code="a">In: Giurisprudenza comparata di diritto civile. - Vol. V</subfield>
	</datafield>
	<datafield ind1=" " ind2="7" tag="650">
		<subfield code="a">Sachenrecht</subfield>
		<subfield code="2">jurivoc</subfield>
		<subfield code="9">ger</subfield>
	</datafield>
	<datafield ind1=" " ind2="7" tag="651">
		<subfield code="a">Schweiz</subfield>
		<subfield code="2">jurivoc</subfield>
		<subfield code="9">ger</subfield>
	</datafield>
	<datafield ind1="1" ind2=" " tag="773">
		<subfield code="t">Giurisprudenza comparata di diritto civile</subfield>
		<subfield code="g">Vol. V</subfield>
	</datafield>
	<datafield ind1=" " ind2="4" tag="900">
		<subfield code="a">Attention : indexation ajuri convertie en jurivoc [iftfla/08.2014]</subfield>
	</datafield>
	<datafield ind1=" " ind2=" " tag="933">
		<subfield code="s">Giurisprudenza comparata di diritto civile</subfield>
		<subfield code="g">Vol. V</subfield>
		<subfield code="5">alexrero</subfield>
	</datafield>
	<datafield ind1=" " ind2=" " tag="953">
		<subfield code="a">iftfla</subfield>
	</datafield>
	<datafield ind1=" " ind2=" " tag="983">
		<subfield code="2">iftfla</subfield>
		<subfield code="a">TFLa C 21/35</subfield>
	</datafield>
</record>