

<record>
	<leader>02246nam a2200469 a 4500</leader>
	<controlfield tag="001">REROILS:162</controlfield>
	<controlfield tag="003">RERO</controlfield>
	<controlfield tag="005">20200712184100.0</controlfield>
	<controlfield tag="008">110714s2011    fr ||| |  ||||00|  |fre d</controlfield>
	<datafield ind1=" " ind2=" " tag="020">
		<subfield code="a">9789264115675</subfield>
	</datafield>
	<datafield ind1=" " ind2=" " tag="035">
		<subfield code="a">R006102220</subfield>
	</datafield>
	<datafield ind1=" " ind2="7" tag="039">
		<subfield code="b">0060</subfield>
	</datafield>
	<datafield ind1=" " ind2="9" tag="039">
		<subfield code="a">202007121841</subfield>
		<subfield code="b">VLOAD</subfield>
		<subfield code="c">201809012005</subfield>
		<subfield code="d">VLOAD</subfield>
		<subfield code="c">201707151555</subfield>
		<subfield code="d">VLOAD</subfield>
		<subfield code="c">201706110911</subfield>
		<subfield code="d">VLOAD</subfield>
		<subfield code="y">201107140852</subfield>
		<subfield code="z">0209</subfield>
	</datafield>
	<datafield ind1=" " ind2=" " tag="040">
		<subfield code="a">RERO frbcuc</subfield>
	</datafield>
	<datafield ind1=" " ind2="7" tag="072">
		<subfield code="a">s1se</subfield>
		<subfield code="2">rero</subfield>
	</datafield>
	<datafield ind1=" " ind2="7" tag="072">
		<subfield code="a">s2dr</subfield>
		<subfield code="2">rero</subfield>
	</datafield>
	<datafield ind1="0" ind2="3" tag="245">
		<subfield code="a">La Convention multilatérale concernant l'assistance administrative mutuelle en matière fiscale amendée par le protocole de 2010 /</subfield>
		<subfield code="c">[Organisation de coopération et de développement économiques]</subfield>
	</datafield>
	<datafield ind1=" " ind2="1" tag="264">
		<subfield code="a">Paris :</subfield>
		<subfield code="b">OCDE,</subfield>
		<subfield code="c">2011</subfield>
	</datafield>
	<datafield ind1=" " ind2=" " tag="300">
		<subfield code="a">114 p.</subfield>
	</datafield>
	<datafield ind1=" " ind2=" " tag="336">
		<subfield code="b">txt</subfield>
		<subfield code="2">rdacontent</subfield>
	</datafield>
	<datafield ind1=" " ind2=" " tag="337">
		<subfield code="b">n</subfield>
		<subfield code="2">rdamedia</subfield>
	</datafield>
	<datafield ind1=" " ind2=" " tag="338">
		<subfield code="b">nc</subfield>
		<subfield code="2">rdacarrier</subfield>
	</datafield>
	<datafield ind1=" " ind2=" " tag="339">
		<subfield code="a">docmaintype_book</subfield>
		<subfield code="b">docsubtype_other_book</subfield>
	</datafield>
	<datafield ind1="2" ind2="7" tag="610">
		<subfield code="a">Conseil de l'Europe</subfield>
		<subfield code="2">rero</subfield>
	</datafield>
	<datafield ind1="2" ind2="7" tag="610">
		<subfield code="a">Organisation de coopération et de développement économiques</subfield>
		<subfield code="2">rero</subfield>
	</datafield>
	<datafield ind1=" " ind2="7" tag="650">
		<subfield code="a">Droit fiscal</subfield>
		<subfield code="2">rero</subfield>
	</datafield>
	<datafield ind1=" " ind2="7" tag="650">
		<subfield code="a">Procédure administrative</subfield>
		<subfield code="2">rero</subfield>
	</datafield>
	<datafield ind1=" " ind2="7" tag="650">
		<subfield code="a">coopération juridique internationale</subfield>
		<subfield code="2">rerovoc</subfield>
	</datafield>
	<datafield ind1=" " ind2="7" tag="650">
		<subfield code="a">Impôt - Recouvrement</subfield>
		<subfield code="2">rero</subfield>
	</datafield>
	<datafield ind1=" " ind2="7" tag="650">
		<subfield code="a">Entraide judiciaire internationale</subfield>
		<subfield code="2">rero</subfield>
	</datafield>
	<datafield ind1=" " ind2="7" tag="655">
		<subfield code="a">[Traités]</subfield>
		<subfield code="2">rero</subfield>
	</datafield>
	<datafield ind1="2" ind2=" " tag="710">
		<subfield code="a">Organisation de coopération et de développement économiques (Paris)</subfield>
		<subfield code="0">(IDREF)086251392</subfield>
	</datafield>
	<datafield ind1=" " ind2=" " tag="900">
		<subfield code="a">noselfmerge</subfield>
	</datafield>
	<datafield ind1=" " ind2=" " tag="902">
		<subfield code="a">geuses</subfield>
		<subfield code="b">2011/09</subfield>
	</datafield>
	<datafield ind1=" " ind2=" " tag="919">
		<subfield code="9">650 _7</subfield>
		<subfield code="a">droit fiscal</subfield>
		<subfield code="x">entraide judiciaire</subfield>
		<subfield code="x">procédure administrative</subfield>
		<subfield code="x">Conseil de l'Europe</subfield>
		<subfield code="v">[traité international]</subfield>
		<subfield code="2">chrero</subfield>
	</datafield>
	<datafield ind1=" " ind2=" " tag="919">
		<subfield code="9">650 _7</subfield>
		<subfield code="a">coopération juridique internationale</subfield>
		<subfield code="x">impôt - recouvrement</subfield>
		<subfield code="x">Conseil de l'Europe</subfield>
		<subfield code="v">[traité international]</subfield>
		<subfield code="2">chrero</subfield>
	</datafield>
	<datafield ind1=" " ind2=" " tag="919">
		<subfield code="9">650 _7</subfield>
		<subfield code="a">droit fiscal</subfield>
		<subfield code="x">entraide judiciaire</subfield>
		<subfield code="x">procédure administrative</subfield>
		<subfield code="x">Organisation de coopération et de développement économiques</subfield>
		<subfield code="v">[traité international]</subfield>
		<subfield code="2">chrero</subfield>
	</datafield>
	<datafield ind1=" " ind2=" " tag="919">
		<subfield code="9">650 _7</subfield>
		<subfield code="a">coopération juridique internationale</subfield>
		<subfield code="x">impôt - recouvrement</subfield>
		<subfield code="x">Organisation de coopération et de développement économiques</subfield>
		<subfield code="v">[traité international]</subfield>
		<subfield code="2">chrero</subfield>
	</datafield>
	<datafield ind1=" " ind2=" " tag="956">
		<subfield code="a">frbcuc</subfield>
	</datafield>
	<datafield ind1=" " ind2=" " tag="957">
		<subfield code="a">geuses</subfield>
	</datafield>
	<datafield ind1=" " ind2=" " tag="982">
		<subfield code="2">dew-geuses</subfield>
		<subfield code="a">336.2 CONc</subfield>
	</datafield>
</record>