

<record>
	<leader>01367nam a2200373 a 4500</leader>
	<controlfield tag="001">REROILS:202</controlfield>
	<controlfield tag="003">RERO</controlfield>
	<controlfield tag="005">20190502165800.0</controlfield>
	<controlfield tag="008">910812s1991    fi |||||| ||||00|| |fre d</controlfield>
	<datafield ind1=" " ind2=" " tag="020">
		<subfield code="a">9789514106415</subfield>
	</datafield>
	<datafield ind1=" " ind2=" " tag="035">
		<subfield code="a">1414106</subfield>
	</datafield>
	<datafield ind1=" " ind2=" " tag="039">
		<subfield code="b">8007</subfield>
		<subfield code="b">7951</subfield>
	</datafield>
	<datafield ind1=" " ind2="9" tag="039">
		<subfield code="a">201905021658</subfield>
		<subfield code="b">7437</subfield>
		<subfield code="c">201705171323</subfield>
		<subfield code="d">VLOAD</subfield>
		<subfield code="c">201109140825</subfield>
		<subfield code="d">0144</subfield>
		<subfield code="c">200812221502</subfield>
		<subfield code="d">VLOAD</subfield>
		<subfield code="y">1999022819020000</subfield>
		<subfield code="z">load</subfield>
	</datafield>
	<datafield ind1=" " ind2=" " tag="040">
		<subfield code="a">RERO gevbpu</subfield>
	</datafield>
	<datafield ind1=" " ind2="7" tag="072">
		<subfield code="a">s1fr</subfield>
		<subfield code="2">rero</subfield>
	</datafield>
	<datafield ind1="0" ind2=" " tag="100">
		<subfield code="a">Marguerite,</subfield>
		<subfield code="c">d'Angoulême, reine de Navarre,</subfield>
		<subfield code="d">1492-1549</subfield>
		<subfield code="4">cre</subfield>
		<subfield code="0">(IDREF)027009211</subfield>
	</datafield>
	<datafield ind1="1" ind2="0" tag="245">
		<subfield code="a">Heptaméron /</subfield>
		<subfield code="c">Marguerite de Navarre.</subfield>
		<subfield code="n">1,</subfield>
		<subfield code="p">Texte</subfield>
	</datafield>
	<datafield ind1=" " ind2=" " tag="250">
		<subfield code="a">Éd. critique /</subfield>
		<subfield code="b">par Renja Salminen</subfield>
	</datafield>
	<datafield ind1=" " ind2="1" tag="264">
		<subfield code="a">Helsinki :</subfield>
		<subfield code="b">Suomalaisen Tiedeakatemia,</subfield>
		<subfield code="c">1991</subfield>
	</datafield>
	<datafield ind1=" " ind2=" " tag="300">
		<subfield code="a">XXIV, 338 p. ;</subfield>
		<subfield code="c">25 cm</subfield>
	</datafield>
	<datafield ind1=" " ind2=" " tag="336">
		<subfield code="b">txt</subfield>
		<subfield code="2">rdacontent</subfield>
	</datafield>
	<datafield ind1=" " ind2=" " tag="337">
		<subfield code="b">n</subfield>
		<subfield code="2">rdamedia</subfield>
	</datafield>
	<datafield ind1=" " ind2=" " tag="338">
		<subfield code="b">nc</subfield>
		<subfield code="2">rdacarrier</subfield>
	</datafield>
	<datafield ind1=" " ind2=" " tag="339">
		<subfield code="a">docmaintype_book</subfield>
		<subfield code="b">docsubtype_other_book</subfield>
	</datafield>
	<datafield ind1="1" ind2=" " tag="490">
		<subfield code="a">Annales Academiae scientiarum Fennicae. Sarja B</subfield>
		<subfield code="v">258</subfield>
	</datafield>
	<datafield ind1="0" ind2=" " tag="800">
		<subfield code="a">Marguerite,</subfield>
		<subfield code="c">d'Angoulême, reine de Navarre,</subfield>
		<subfield code="d">1492-1549. -</subfield>
		<subfield code="t">L'heptaméron</subfield>
		<subfield code="v">1</subfield>
	</datafield>
	<datafield ind1=" " ind2="0" tag="830">
		<subfield code="a">Annales Academiae scientiarum fennicae.</subfield>
		<subfield code="p">Ser. B = Suomalaisen Tiedeakatemian toimituksia. Sarja. B</subfield>
		<subfield code="v">258</subfield>
		<subfield code="w">REROILS:2000033</subfield>
	</datafield>
	<datafield ind1=" " ind2=" " tag="900">
		<subfield code="a">noselfmerge</subfield>
	</datafield>
	<datafield ind1=" " ind2=" " tag="956">
		<subfield code="a">frbcuc</subfield>
	</datafield>
	<datafield ind1=" " ind2=" " tag="957">
		<subfield code="a">geulfr gevbge</subfield>
	</datafield>
	<datafield ind1=" " ind2=" " tag="981">
		<subfield code="2">CDU</subfield>
		<subfield code="a">840&quot;15&quot;NAV.M7Hep</subfield>
	</datafield>
	<datafield ind1=" " ind2=" " tag="982">
		<subfield code="2">ge-ulfr</subfield>
		<subfield code="a">16/TEc MARG NAV 7*Hept SALM</subfield>
	</datafield>
	<datafield ind1=" " ind2=" " tag="992">
		<subfield code="a">BFLA 112328/1</subfield>
		<subfield code="x">ge/ulfr/a/97/336</subfield>
	</datafield>
	<datafield ind1=" " ind2=" " tag="992">
		<subfield code="a">BGE RA 937 B 258/1</subfield>
		<subfield code="x">ge/vbge/d/91</subfield>
	</datafield>
</record>