

<record>
	<leader>01258nam a2200337 a 4500</leader>
	<controlfield tag="001">REROILS:221</controlfield>
	<controlfield tag="003">RERO</controlfield>
	<controlfield tag="005">20200711163700.0</controlfield>
	<controlfield tag="008">850729s1983    xxu|||||| ||||00|| |heb d</controlfield>
	<datafield ind1=" " ind2=" " tag="020">
		<subfield code="a">9780961055806</subfield>
	</datafield>
	<datafield ind1=" " ind2=" " tag="035">
		<subfield code="a">0630728</subfield>
	</datafield>
	<datafield ind1=" " ind2="9" tag="039">
		<subfield code="a">202007111637</subfield>
		<subfield code="b">VLOAD</subfield>
		<subfield code="c">201705161114</subfield>
		<subfield code="d">VLOAD</subfield>
		<subfield code="c">200610311356</subfield>
		<subfield code="d">7350</subfield>
		<subfield code="c">200605281307</subfield>
		<subfield code="d">VLOAD</subfield>
		<subfield code="y">1999022800390000</subfield>
		<subfield code="z">load</subfield>
	</datafield>
	<datafield ind1=" " ind2=" " tag="040">
		<subfield code="a">RERO frbcuc</subfield>
	</datafield>
	<datafield ind1="0" ind2=" " tag="041">
		<subfield code="a">heb</subfield>
		<subfield code="a">eng</subfield>
	</datafield>
	<datafield ind1=" " ind2="7" tag="072">
		<subfield code="a">s1th</subfield>
		<subfield code="2">rero</subfield>
	</datafield>
	<datafield ind1="0" ind2=" " tag="100">
		<subfield code="a">Rashi,</subfield>
		<subfield code="d">1040-1105</subfield>
		<subfield code="4">cre</subfield>
	</datafield>
	<datafield ind1="1" ind2="4" tag="245">
		<subfield code="a">The Megilloth and Rashi's commentary with linear translation /</subfield>
		<subfield code="c">translated by Rabbi Avraham Schwartz and Rabbi Yisroel Schwartz</subfield>
	</datafield>
	<datafield ind1=" " ind2="1" tag="264">
		<subfield code="a">New York :</subfield>
		<subfield code="b">Hebrew Linear Classics,</subfield>
		<subfield code="c">1983</subfield>
	</datafield>
	<datafield ind1=" " ind2=" " tag="300">
		<subfield code="a">181 p. ;</subfield>
		<subfield code="c">27 cm</subfield>
	</datafield>
	<datafield ind1=" " ind2=" " tag="336">
		<subfield code="b">txt</subfield>
		<subfield code="2">rdacontent</subfield>
	</datafield>
	<datafield ind1=" " ind2=" " tag="337">
		<subfield code="b">n</subfield>
		<subfield code="2">rdamedia</subfield>
	</datafield>
	<datafield ind1=" " ind2=" " tag="338">
		<subfield code="b">nc</subfield>
		<subfield code="2">rdacarrier</subfield>
	</datafield>
	<datafield ind1=" " ind2=" " tag="339">
		<subfield code="a">docmaintype_book</subfield>
		<subfield code="b">docsubtype_other_book</subfield>
	</datafield>
	<datafield ind1=" " ind2=" " tag="500">
		<subfield code="a">Contient: The Book of Esther, the Songs of Songs, Ruth</subfield>
	</datafield>
	<datafield ind1=" " ind2=" " tag="500">
		<subfield code="a">Porte également le titre en hébreu</subfield>
	</datafield>
	<datafield ind1="1" ind2=" " tag="700">
		<subfield code="a">Schwartz, Avraham</subfield>
	</datafield>
	<datafield ind1="0" ind2=" " tag="730">
		<subfield code="a">Bible.</subfield>
		<subfield code="n">093.</subfield>
		<subfield code="p">A.T.</subfield>
		<subfield code="p">Megillot.</subfield>
		<subfield code="l">Hébreu - anglais.</subfield>
		<subfield code="k">Extraits</subfield>
	</datafield>
	<datafield ind1="0" ind2=" " tag="730">
		<subfield code="a">Bible.</subfield>
		<subfield code="n">014.</subfield>
		<subfield code="p">A.T.</subfield>
		<subfield code="p">Ruth.</subfield>
		<subfield code="l">Hébreu - anglais</subfield>
	</datafield>
	<datafield ind1=" " ind2=" " tag="900">
		<subfield code="a">noselfmerge</subfield>
	</datafield>
	<datafield ind1=" " ind2=" " tag="956">
		<subfield code="a">frbcuc</subfield>
	</datafield>
</record>