

<record>
	<leader>01020nam a2200337 a 4500</leader>
	<controlfield tag="001">REROILS:259</controlfield>
	<controlfield tag="003">RERO</controlfield>
	<controlfield tag="005">20170611105600.0</controlfield>
	<controlfield tag="008">001116s1999    be ||| |  ||||00|  |fre d</controlfield>
	<datafield ind1=" " ind2=" " tag="020">
		<subfield code="a">9782873912543</subfield>
	</datafield>
	<datafield ind1=" " ind2=" " tag="035">
		<subfield code="a">R265832860</subfield>
	</datafield>
	<datafield ind1=" " ind2=" " tag="039">
		<subfield code="b">8032</subfield>
		<subfield code="b">8015i</subfield>
	</datafield>
	<datafield ind1=" " ind2="9" tag="039">
		<subfield code="a">201706111056</subfield>
		<subfield code="b">VLOAD</subfield>
		<subfield code="c">200812231115</subfield>
		<subfield code="d">VLOAD</subfield>
		<subfield code="c">200812230933</subfield>
		<subfield code="d">VLOAD</subfield>
		<subfield code="c">200812211903</subfield>
		<subfield code="d">VLOAD</subfield>
		<subfield code="y">200009112218</subfield>
		<subfield code="z">VLOAD</subfield>
	</datafield>
	<datafield ind1=" " ind2=" " tag="040">
		<subfield code="a">RERO labcud</subfield>
	</datafield>
	<datafield ind1=" " ind2="7" tag="072">
		<subfield code="a">s1ba</subfield>
		<subfield code="2">rero</subfield>
	</datafield>
	<datafield ind1="1" ind2=" " tag="100">
		<subfield code="a">Dekeyzer, Brigitte</subfield>
		<subfield code="4">cre</subfield>
		<subfield code="0">(IDREF)050421204</subfield>
	</datafield>
	<datafield ind1="1" ind2="4" tag="245">
		<subfield code="a">Les primitifs flamands /</subfield>
		<subfield code="c">Brigitte Dekeyzer</subfield>
	</datafield>
	<datafield ind1=" " ind2="1" tag="264">
		<subfield code="a">Brussels :</subfield>
		<subfield code="b">Ed. Artoria,</subfield>
		<subfield code="c">[1999]</subfield>
	</datafield>
	<datafield ind1=" " ind2="4" tag="264">
		<subfield code="c">© 1999</subfield>
	</datafield>
	<datafield ind1=" " ind2=" " tag="300">
		<subfield code="a">176 p. :</subfield>
		<subfield code="b">ill. ;</subfield>
		<subfield code="c">33 cm</subfield>
	</datafield>
	<datafield ind1=" " ind2=" " tag="336">
		<subfield code="b">txt</subfield>
		<subfield code="2">rdacontent</subfield>
	</datafield>
	<datafield ind1=" " ind2=" " tag="337">
		<subfield code="b">n</subfield>
		<subfield code="2">rdamedia</subfield>
	</datafield>
	<datafield ind1=" " ind2=" " tag="338">
		<subfield code="b">nc</subfield>
		<subfield code="2">rdacarrier</subfield>
	</datafield>
	<datafield ind1=" " ind2=" " tag="339">
		<subfield code="a">docmaintype_book</subfield>
		<subfield code="b">docsubtype_other_book</subfield>
	</datafield>
	<datafield ind1=" " ind2="7" tag="650">
		<subfield code="a">Peinture flamande</subfield>
		<subfield code="2">rero</subfield>
	</datafield>
	<datafield ind1=" " ind2="7" tag="650">
		<subfield code="a">14e siècle-15e siècle</subfield>
		<subfield code="2">rero</subfield>
	</datafield>
	<datafield ind1=" " ind2=" " tag="900">
		<subfield code="a">noselfmerge</subfield>
	</datafield>
	<datafield ind1=" " ind2=" " tag="904">
		<subfield code="a">bpunfar</subfield>
		<subfield code="b">0010</subfield>
		<subfield code="c">13</subfield>
	</datafield>
	<datafield ind1=" " ind2=" " tag="919">
		<subfield code="9">650 _7</subfield>
		<subfield code="a">peinture flamande</subfield>
		<subfield code="y">14e s. / 15e s.</subfield>
		<subfield code="2">chrero</subfield>
	</datafield>
	<datafield ind1=" " ind2=" " tag="962">
		<subfield code="a">nebpun</subfield>
	</datafield>
	<datafield ind1=" " ind2=" " tag="994">
		<subfield code="a">FG 1872</subfield>
		<subfield code="x">ne/bpun/a/2000/3380</subfield>
	</datafield>
</record>