

<record>
	<leader>01067naa a22002657a 4500</leader>
	<controlfield tag="001">REROILS:224</controlfield>
	<controlfield tag="003">RERO</controlfield>
	<controlfield tag="005">20170518134800.0</controlfield>
	<controlfield tag="008">980412s1991    xx ||| |  ||||00|  0ger d</controlfield>
	<datafield ind1=" " ind2=" " tag="035">
		<subfield code="a">R003452127</subfield>
	</datafield>
	<datafield ind1=" " ind2="9" tag="039">
		<subfield code="a">201705181348</subfield>
		<subfield code="b">VLOAD</subfield>
		<subfield code="c">201605141142</subfield>
		<subfield code="d">VLOAD</subfield>
		<subfield code="c">201210191817</subfield>
		<subfield code="d">VLOAD</subfield>
		<subfield code="c">201112192234</subfield>
		<subfield code="d">VLOAD</subfield>
		<subfield code="y">200506232334</subfield>
		<subfield code="z">VLOAD</subfield>
	</datafield>
	<datafield ind1=" " ind2=" " tag="040">
		<subfield code="a">RERO gewcc-</subfield>
	</datafield>
	<datafield ind1=" " ind2="7" tag="072">
		<subfield code="a">s1th</subfield>
		<subfield code="2">rero</subfield>
	</datafield>
	<datafield ind1="0" ind2="0" tag="245">
		<subfield code="a">Botschaft zum Halljahr /</subfield>
		<subfield code="c">Schweizerisches Ökumenisches Komitee für Gerechtigkeit, Frieden und die Bewahrung der Schöpfung</subfield>
	</datafield>
	<datafield ind1=" " ind2="1" tag="264">
		<subfield code="c">1991</subfield>
	</datafield>
	<datafield ind1=" " ind2=" " tag="336">
		<subfield code="b">txt</subfield>
		<subfield code="2">rdacontent</subfield>
	</datafield>
	<datafield ind1=" " ind2=" " tag="337">
		<subfield code="b">n</subfield>
		<subfield code="2">rdamedia</subfield>
	</datafield>
	<datafield ind1=" " ind2=" " tag="338">
		<subfield code="b">nc</subfield>
		<subfield code="2">rdacarrier</subfield>
	</datafield>
	<datafield ind1=" " ind2=" " tag="339">
		<subfield code="a">docmaintype_article</subfield>
	</datafield>
	<datafield ind1=" " ind2=" " tag="580">
		<subfield code="a">In: Ökumenische Rundschau ; Jg.40, H.2 (April 1991), p.208-209</subfield>
	</datafield>
	<datafield ind1="2" ind2=" " tag="710">
		<subfield code="a">Comité oecuménique suisse pour la justice, la paix et la sauvegarde de la création</subfield>
	</datafield>
	<datafield ind1="1" ind2=" " tag="773">
		<subfield code="t">Ökumenische Rundschau</subfield>
		<subfield code="g">Jg.40, H.2 (April 1991), p.208-209</subfield>
		<subfield code="w">REROILS:96</subfield>
	</datafield>
	<datafield ind1=" " ind2=" " tag="957">
		<subfield code="a">gewcc-</subfield>
	</datafield>
	<datafield ind1=" " ind2=" " tag="982">
		<subfield code="2">wccsh</subfield>
		<subfield code="a">Switzerland</subfield>
		<subfield code="d">Ecumenical movement</subfield>
	</datafield>
	<datafield ind1=" " ind2=" " tag="982">
		<subfield code="2">wccsh</subfield>
		<subfield code="a">World Council of Churches. Justice, Peace, and Integrity of Creation</subfield>
		<subfield code="e">[LCSH]</subfield>
	</datafield>
</record>