

<record>
	<leader>01298nam a2200373 a 4500</leader>
	<controlfield tag="001">REROILS:18</controlfield>
	<controlfield tag="003">RERO</controlfield>
	<controlfield tag="005">20171125194100.0</controlfield>
	<controlfield tag="008">050322s2002    gw ||| |  ||||00|  |ger d</controlfield>
	<datafield ind1=" " ind2=" " tag="020">
		<subfield code="a">9783540675372</subfield>
	</datafield>
	<datafield ind1=" " ind2=" " tag="035">
		<subfield code="a">R003812065</subfield>
	</datafield>
	<datafield ind1=" " ind2="7" tag="039">
		<subfield code="b">0705</subfield>
	</datafield>
	<datafield ind1=" " ind2="9" tag="039">
		<subfield code="a">201711251941</subfield>
		<subfield code="b">VLOAD</subfield>
		<subfield code="c">201706110743</subfield>
		<subfield code="d">VLOAD</subfield>
		<subfield code="c">201607041500</subfield>
		<subfield code="d">VLOAD</subfield>
		<subfield code="c">201605141543</subfield>
		<subfield code="d">VLOAD</subfield>
		<subfield code="y">200503221246</subfield>
		<subfield code="z">1510</subfield>
	</datafield>
	<datafield ind1=" " ind2=" " tag="040">
		<subfield code="a">RERO vshevv</subfield>
	</datafield>
	<datafield ind1=" " ind2="7" tag="072">
		<subfield code="a">s1me</subfield>
		<subfield code="2">rero</subfield>
	</datafield>
	<datafield ind1="0" ind2="0" tag="245">
		<subfield code="a">Onkologische Krankenpflege /</subfield>
		<subfield code="c">Anita Margulies (Hrsg.) ... [et al.]</subfield>
	</datafield>
	<datafield ind1=" " ind2=" " tag="250">
		<subfield code="a">3., neu überarb. und erw. Aufl.</subfield>
	</datafield>
	<datafield ind1=" " ind2="1" tag="264">
		<subfield code="a">Berlin [etc.] :</subfield>
		<subfield code="b">Springer,</subfield>
		<subfield code="c">2002</subfield>
	</datafield>
	<datafield ind1=" " ind2=" " tag="300">
		<subfield code="a">XVIII, 1067 S. :</subfield>
		<subfield code="b">Ill., graph. Darst. ;</subfield>
		<subfield code="c">24 cm</subfield>
	</datafield>
	<datafield ind1=" " ind2=" " tag="336">
		<subfield code="b">txt</subfield>
		<subfield code="2">rdacontent</subfield>
	</datafield>
	<datafield ind1=" " ind2=" " tag="337">
		<subfield code="b">n</subfield>
		<subfield code="2">rdamedia</subfield>
	</datafield>
	<datafield ind1=" " ind2=" " tag="338">
		<subfield code="b">nc</subfield>
		<subfield code="2">rdacarrier</subfield>
	</datafield>
	<datafield ind1=" " ind2=" " tag="339">
		<subfield code="a">docmaintype_book</subfield>
		<subfield code="b">docsubtype_other_book</subfield>
	</datafield>
	<datafield ind1=" " ind2="7" tag="650">
		<subfield code="a">Soins infirmiers</subfield>
		<subfield code="2">rero</subfield>
	</datafield>
	<datafield ind1=" " ind2="7" tag="650">
		<subfield code="a">Cancérologie</subfield>
		<subfield code="2">rero</subfield>
	</datafield>
	<datafield ind1=" " ind2="7" tag="655">
		<subfield code="a">[Études diverses]</subfield>
		<subfield code="2">rero</subfield>
	</datafield>
	<datafield ind1="1" ind2=" " tag="700">
		<subfield code="a">Margulies, Anita</subfield>
	</datafield>
	<datafield ind1=" " ind2=" " tag="900">
		<subfield code="a">noselfmerge</subfield>
	</datafield>
	<datafield ind1=" " ind2=" " tag="919">
		<subfield code="9">650 _7</subfield>
		<subfield code="a">oncologie</subfield>
		<subfield code="x">soins infirmiers</subfield>
		<subfield code="v">[études diverses]</subfield>
		<subfield code="2">chrero</subfield>
	</datafield>
	<datafield ind1=" " ind2=" " tag="973">
		<subfield code="a">vshevv</subfield>
	</datafield>
	<datafield ind1=" " ind2=" " tag="986">
		<subfield code="2">brsw</subfield>
		<subfield code="a">Krebs &lt;Medizin&gt; ; Krankenpflege ; Aufsatzsammlung</subfield>
	</datafield>
	<datafield ind1=" " ind2=" " tag="986">
		<subfield code="2">cdu-vshevv</subfield>
		<subfield code="a">616-006</subfield>
	</datafield>
	<datafield ind1=" " ind2=" " tag="996">
		<subfield code="x">vs/hevv/a/4462</subfield>
	</datafield>
</record>