

<record>
	<leader>03771naa a2200517 a 4500</leader>
	<controlfield tag="001">REROILS:250</controlfield>
	<controlfield tag="003">RERO</controlfield>
	<controlfield tag="005">20201003102500.0</controlfield>
	<controlfield tag="008">030123s2002    xxk||| |  ||||00|  |eng d</controlfield>
	<datafield ind1=" " ind2=" " tag="020">
		<subfield code="a">9789057023552</subfield>
	</datafield>
	<datafield ind1=" " ind2=" " tag="035">
		<subfield code="a">R003301228</subfield>
	</datafield>
	<datafield ind1=" " ind2="7" tag="039">
		<subfield code="b">4401</subfield>
	</datafield>
	<datafield ind1=" " ind2="9" tag="039">
		<subfield code="a">202010031025</subfield>
		<subfield code="b">VLOAD</subfield>
		<subfield code="c">201711252302</subfield>
		<subfield code="d">VLOAD</subfield>
		<subfield code="c">201706111026</subfield>
		<subfield code="d">VLOAD</subfield>
		<subfield code="c">201702061120</subfield>
		<subfield code="d">4401</subfield>
		<subfield code="y">200301231514</subfield>
		<subfield code="z">4405</subfield>
	</datafield>
	<datafield ind1=" " ind2=" " tag="040">
		<subfield code="a">RERO neueth</subfield>
	</datafield>
	<datafield ind1=" " ind2="7" tag="072">
		<subfield code="a">s1et</subfield>
		<subfield code="2">rero</subfield>
	</datafield>
	<datafield ind1="1" ind2=" " tag="100">
		<subfield code="a">Nuttall, Mark</subfield>
		<subfield code="4">cre</subfield>
		<subfield code="0">(IDREF)034638865</subfield>
	</datafield>
	<datafield ind1="1" ind2="0" tag="245">
		<subfield code="a">Protecting the Arctic :</subfield>
		<subfield code="b">indigenous peoples and cultural survival /</subfield>
		<subfield code="c">Mark Nuttall</subfield>
	</datafield>
	<datafield ind1=" " ind2=" " tag="250">
		<subfield code="a">Reprint.</subfield>
	</datafield>
	<datafield ind1=" " ind2="1" tag="264">
		<subfield code="a">London :</subfield>
		<subfield code="b">Routledge,</subfield>
		<subfield code="c">2002</subfield>
	</datafield>
	<datafield ind1=" " ind2=" " tag="300">
		<subfield code="a">V, 195 p. :</subfield>
		<subfield code="b">ill. ;</subfield>
		<subfield code="c">24 cm</subfield>
	</datafield>
	<datafield ind1=" " ind2=" " tag="336">
		<subfield code="b">txt</subfield>
		<subfield code="2">rdacontent</subfield>
	</datafield>
	<datafield ind1=" " ind2=" " tag="337">
		<subfield code="b">n</subfield>
		<subfield code="2">rdamedia</subfield>
	</datafield>
	<datafield ind1=" " ind2=" " tag="338">
		<subfield code="b">nc</subfield>
		<subfield code="2">rdacarrier</subfield>
	</datafield>
	<datafield ind1=" " ind2=" " tag="339">
		<subfield code="a">docmaintype_article</subfield>
	</datafield>
	<datafield ind1="1" ind2=" " tag="490">
		<subfield code="a">Studies in environmental anthropology</subfield>
		<subfield code="v">vol. 3</subfield>
	</datafield>
	<datafield ind1=" " ind2=" " tag="504">
		<subfield code="a">Bibliogr.: p. 177-187</subfield>
	</datafield>
	<datafield ind1="0" ind2=" " tag="505">
		<subfield code="a">Indigenous peoples and the Arctic environment -- Environmental protection and sustainable development -- Sustaining environmental co-operation -- Ways of knowing, ways of acting : the claim for indigenous environmental knowledge -- Hunting and the right to development : the case of aboriginal subsistence whaling -- Cultural preservation through cultural presentation : indigenous peoples and Arctic tourism -- Constructing indigenous environmentalism</subfield>
	</datafield>
	<datafield ind1="8" ind2=" " tag="520">
		<subfield code="a">4e de couv.: In recent years, international attention has focused on the Arctic as a critical zone for global environmental change, due to concern over global warming, atmospheric pollution, ozone depletion, overfishing, and uncontrolled resource extraction. With the internationalization of the circumpolar north through quests for natural resources and the growth of capitalist markets, the importance of the correct use of natural resources and proper ways forward for Arctic environmental protection has given rise to intense debate. Yet, despite the diversity of the indigenous peoples and cultures of this area, science-based resource management systems designed to safeguard wildlife and the Arctic environment have, for the most part, ignored indigenous perspectives. &quot;Protecting the Arctic&quot; explores some of the ways in which indigenous peoples have taken political action regarding Arctic environmental and sustainable development issues, and investigates the involvement of indigenous peoples in international environmental policy- making. Nuttall illustrates how indigenous peoples make claims that their own forms of resource management not only have relevance in an Arctic regional context, but provide models for the inclusion of indigenous values and environmental knowledge in the design, negotiation and implementation of global environmental policy.</subfield>
		<subfield code="9">neueth/02.2017</subfield>
	</datafield>
	<datafield ind1=" " ind2="7" tag="650">
		<subfield code="a">Politique de l'environnement</subfield>
		<subfield code="2">rero</subfield>
	</datafield>
	<datafield ind1=" " ind2="7" tag="650">
		<subfield code="a">Indiens d'Amérique</subfield>
		<subfield code="2">rero</subfield>
	</datafield>
	<datafield ind1=" " ind2="7" tag="650">
		<subfield code="a">Inuits</subfield>
		<subfield code="2">rero</subfield>
	</datafield>
	<datafield ind1=" " ind2="7" tag="650">
		<subfield code="a">Développement durable</subfield>
		<subfield code="2">rero</subfield>
	</datafield>
	<datafield ind1=" " ind2="7" tag="650">
		<subfield code="a">Tourisme culturel</subfield>
		<subfield code="2">rero</subfield>
	</datafield>
	<datafield ind1=" " ind2="7" tag="650">
		<subfield code="a">Ressources naturelles</subfield>
		<subfield code="2">rero</subfield>
	</datafield>
	<datafield ind1=" " ind2="7" tag="650">
		<subfield code="a">Peuples de l'Arctique</subfield>
		<subfield code="2">rero</subfield>
	</datafield>
	<datafield ind1=" " ind2="7" tag="650">
		<subfield code="a">société (milieu humain)</subfield>
		<subfield code="2">rerovoc</subfield>
	</datafield>
	<datafield ind1=" " ind2="7" tag="650">
		<subfield code="a">Amérindien (peuple)</subfield>
		<subfield code="2">rerovoc</subfield>
	</datafield>
	<datafield ind1=" " ind2="7" tag="651">
		<subfield code="a">Arctique</subfield>
		<subfield code="2">rero</subfield>
		<subfield code="0">(IDREF)027341879</subfield>
	</datafield>
	<datafield ind1=" " ind2="0" tag="830">
		<subfield code="a">Studies in environmental anthropology</subfield>
		<subfield code="v">3</subfield>
	</datafield>
	<datafield ind1=" " ind2=" " tag="900">
		<subfield code="a">noselfmerge</subfield>
	</datafield>
	<datafield ind1=" " ind2=" " tag="904">
		<subfield code="a">neuethna</subfield>
		<subfield code="b">2003/01</subfield>
		<subfield code="c">Gm</subfield>
	</datafield>
	<datafield ind1=" " ind2=" " tag="919">
		<subfield code="9">650 _7</subfield>
		<subfield code="a">politique de l'environnement</subfield>
		<subfield code="x">société (milieu humain)</subfield>
		<subfield code="z">Arctique</subfield>
		<subfield code="2">chrero</subfield>
	</datafield>
	<datafield ind1=" " ind2=" " tag="919">
		<subfield code="9">650 _7</subfield>
		<subfield code="a">Amérindien (peuple)</subfield>
		<subfield code="x">développement durable</subfield>
		<subfield code="z">Arctique</subfield>
		<subfield code="2">chrero</subfield>
	</datafield>
	<datafield ind1=" " ind2=" " tag="919">
		<subfield code="9">650 _7</subfield>
		<subfield code="a">développement durable</subfield>
		<subfield code="x">Esquimau (peuple)</subfield>
		<subfield code="z">Arctique</subfield>
		<subfield code="2">chrero</subfield>
	</datafield>
	<datafield ind1=" " ind2=" " tag="962">
		<subfield code="a">neueth</subfield>
	</datafield>
</record>