

<record>
	<leader>01086nam a2200337 a 4500</leader>
	<controlfield tag="001">REROILS:122</controlfield>
	<controlfield tag="003">RERO</controlfield>
	<controlfield tag="005">20200710194400.0</controlfield>
	<controlfield tag="008">000913s1977    xxu|||||| ||||00|  |eng d</controlfield>
	<datafield ind1=" " ind2=" " tag="020">
		<subfield code="a">9780870241949</subfield>
	</datafield>
	<datafield ind1=" " ind2=" " tag="035">
		<subfield code="a">R267042960</subfield>
	</datafield>
	<datafield ind1=" " ind2=" " tag="039">
		<subfield code="b">0007</subfield>
		<subfield code="b">0009i</subfield>
	</datafield>
	<datafield ind1=" " ind2="9" tag="039">
		<subfield code="a">202007101944</subfield>
		<subfield code="b">VLOAD</subfield>
		<subfield code="c">201706111115</subfield>
		<subfield code="d">VLOAD</subfield>
		<subfield code="c">201510281530</subfield>
		<subfield code="d">VLOAD</subfield>
		<subfield code="c">200406160609</subfield>
		<subfield code="d">VLOAD</subfield>
		<subfield code="y">200009132322</subfield>
		<subfield code="z">VLOAD</subfield>
	</datafield>
	<datafield ind1=" " ind2=" " tag="040">
		<subfield code="a">RERO frbcuc</subfield>
	</datafield>
	<datafield ind1=" " ind2="7" tag="072">
		<subfield code="a">s1an</subfield>
		<subfield code="2">rero</subfield>
	</datafield>
	<datafield ind1="0" ind2="0" tag="245">
		<subfield code="a">Critics on Emily Dickinson /</subfield>
		<subfield code="c">ed. by Richard H. Rupp</subfield>
	</datafield>
	<datafield ind1=" " ind2=" " tag="250">
		<subfield code="a">[2nd print.]</subfield>
	</datafield>
	<datafield ind1=" " ind2="1" tag="264">
		<subfield code="a">Coral Gables Fla. :</subfield>
		<subfield code="b">University of Miami Press,</subfield>
		<subfield code="c">1977</subfield>
	</datafield>
	<datafield ind1=" " ind2=" " tag="300">
		<subfield code="a">128 p. ;</subfield>
		<subfield code="c">23 cm</subfield>
	</datafield>
	<datafield ind1=" " ind2=" " tag="336">
		<subfield code="b">txt</subfield>
		<subfield code="2">rdacontent</subfield>
	</datafield>
	<datafield ind1=" " ind2=" " tag="337">
		<subfield code="b">n</subfield>
		<subfield code="2">rdamedia</subfield>
	</datafield>
	<datafield ind1=" " ind2=" " tag="338">
		<subfield code="b">nc</subfield>
		<subfield code="2">rdacarrier</subfield>
	</datafield>
	<datafield ind1=" " ind2=" " tag="339">
		<subfield code="a">docmaintype_book</subfield>
		<subfield code="b">docsubtype_other_book</subfield>
	</datafield>
	<datafield ind1="1" ind2=" " tag="490">
		<subfield code="a">Readings in literary criticism</subfield>
		<subfield code="v">14</subfield>
	</datafield>
	<datafield ind1="1" ind2="7" tag="600">
		<subfield code="a">Dickinson, Emily</subfield>
		<subfield code="2">rero</subfield>
		<subfield code="0">(IDREF)026831260</subfield>
	</datafield>
	<datafield ind1=" " ind2="7" tag="655">
		<subfield code="a">[Études diverses]</subfield>
		<subfield code="2">rero</subfield>
	</datafield>
	<datafield ind1="1" ind2=" " tag="700">
		<subfield code="a">Rupp, Richard H</subfield>
		<subfield code="0">(IDREF)03498867X</subfield>
	</datafield>
	<datafield ind1=" " ind2="0" tag="830">
		<subfield code="a">Readings in literary criticism.</subfield>
		<subfield code="p">University of Miami Press</subfield>
		<subfield code="v">14</subfield>
		<subfield code="w">REROILS:2000036</subfield>
	</datafield>
	<datafield ind1=" " ind2=" " tag="900">
		<subfield code="a">noselfmerge</subfield>
	</datafield>
	<datafield ind1=" " ind2=" " tag="919">
		<subfield code="9">600 17</subfield>
		<subfield code="a">Dickinson, Emily</subfield>
		<subfield code="v">[études diverses]</subfield>
		<subfield code="2">chrero</subfield>
	</datafield>
	<datafield ind1=" " ind2=" " tag="956">
		<subfield code="a">frbcuc</subfield>
	</datafield>
</record>