

<record>
	<leader>01597ngm a2200421 a 4500</leader>
	<controlfield tag="001">REROILS:251</controlfield>
	<controlfield tag="003">RERO</controlfield>
	<controlfield tag="005">20201003104000.0</controlfield>
	<controlfield tag="007">v|</controlfield>
	<controlfield tag="008">920512s1990    sz ||| || ||||| |  |fre d</controlfield>
	<datafield ind1="4" ind2="2" tag="028">
		<subfield code="a">No 90747</subfield>
	</datafield>
	<datafield ind1=" " ind2=" " tag="035">
		<subfield code="a">1525450</subfield>
	</datafield>
	<datafield ind1=" " ind2="9" tag="039">
		<subfield code="a">202010031040</subfield>
		<subfield code="b">VLOAD</subfield>
		<subfield code="c">201807011435</subfield>
		<subfield code="d">VLOAD</subfield>
		<subfield code="c">201710201154</subfield>
		<subfield code="d">AUTHORITY</subfield>
		<subfield code="c">201706102200</subfield>
		<subfield code="d">VLOAD</subfield>
		<subfield code="y">1999022821390000</subfield>
		<subfield code="z">load</subfield>
	</datafield>
	<datafield ind1=" " ind2=" " tag="040">
		<subfield code="a">RERO nebpun</subfield>
	</datafield>
	<datafield ind1=" " ind2=" " tag="044">
		<subfield code="a">sz</subfield>
		<subfield code="c">ch-ne</subfield>
	</datafield>
	<datafield ind1=" " ind2="7" tag="072">
		<subfield code="a">s1go</subfield>
		<subfield code="2">rero</subfield>
	</datafield>
	<datafield ind1="0" ind2="0" tag="245">
		<subfield code="a">Concerto pour une ville :</subfield>
		<subfield code="b">un film musical sur la ville de Neuchâtel /</subfield>
		<subfield code="c">réal. [par] André Vallana</subfield>
	</datafield>
	<datafield ind1=" " ind2="1" tag="264">
		<subfield code="a">Cortaillod :</subfield>
		<subfield code="b">Canal Alpha + [prod.],</subfield>
		<subfield code="c">[1990]</subfield>
	</datafield>
	<datafield ind1=" " ind2="4" tag="264">
		<subfield code="c">© 1990</subfield>
	</datafield>
	<datafield ind1=" " ind2=" " tag="300">
		<subfield code="a">1 VIDEOCASSETTE [VHS] (56 min) :</subfield>
		<subfield code="b">coul. PAL, son</subfield>
	</datafield>
	<datafield ind1=" " ind2=" " tag="336">
		<subfield code="b">tdi</subfield>
		<subfield code="2">rdacontent</subfield>
	</datafield>
	<datafield ind1=" " ind2=" " tag="337">
		<subfield code="b">v</subfield>
		<subfield code="2">rdamedia</subfield>
	</datafield>
	<datafield ind1=" " ind2=" " tag="338">
		<subfield code="b">vf</subfield>
		<subfield code="2">rdacarrier</subfield>
	</datafield>
	<datafield ind1=" " ind2=" " tag="339">
		<subfield code="a">docmaintype_movie_series</subfield>
		<subfield code="b">docsubtype_movie</subfield>
	</datafield>
	<datafield ind1="0" ind2=" " tag="511">
		<subfield code="a">Interpr.: Orchestre de chambre de Neuchâtel sous la dir. de Jan Dobrzelewski, Guy Bovet, André Vallana ; [avec] Jean-Pierre Jelmini, Jean-Pierre Authier, Yann Richter ... [et al.]</subfield>
	</datafield>
	<datafield ind1="8" ind2=" " tag="520">
		<subfield code="a">Analyse: Survol de la ville par l'image et les commentaires de quelques-unes de ses personnalités.</subfield>
		<subfield code="9">03.06.1991/nexcfo/afx</subfield>
	</datafield>
	<datafield ind1=" " ind2="7" tag="651">
		<subfield code="a">Neuchâtel (Suisse, ville)</subfield>
		<subfield code="2">rero</subfield>
	</datafield>
	<datafield ind1=" " ind2="7" tag="655">
		<subfield code="a">[Vidéocassettes]</subfield>
		<subfield code="2">rero</subfield>
	</datafield>
	<datafield ind1="1" ind2=" " tag="700">
		<subfield code="a">Vallana, André</subfield>
	</datafield>
	<datafield ind1="1" ind2=" " tag="700">
		<subfield code="a">Bovet, Guy</subfield>
		<subfield code="0">(IDREF)135988489</subfield>
	</datafield>
	<datafield ind1="2" ind2=" " tag="710">
		<subfield code="a">Orchestre de chambre de Neuchâtel</subfield>
	</datafield>
	<datafield ind1=" " ind2=" " tag="900">
		<subfield code="a">noselfmerge</subfield>
	</datafield>
	<datafield ind1=" " ind2=" " tag="904">
		<subfield code="a">neoco</subfield>
	</datafield>
	<datafield ind1=" " ind2=" " tag="904">
		<subfield code="a">neaut</subfield>
	</datafield>
	<datafield ind1=" " ind2=" " tag="904">
		<subfield code="a">nedit</subfield>
	</datafield>
	<datafield ind1=" " ind2=" " tag="919">
		<subfield code="9">651 _7</subfield>
		<subfield code="a">Neuchâtel (Suisse, ville)</subfield>
		<subfield code="v">[enregistrement vidéo]</subfield>
		<subfield code="2">chrero</subfield>
	</datafield>
	<datafield ind1=" " ind2=" " tag="962">
		<subfield code="a">nebpun</subfield>
	</datafield>
	<datafield ind1=" " ind2=" " tag="994">
		<subfield code="a">NP MAV FV 4</subfield>
		<subfield code="x">ne/bpun/a/1990/3792/1,4n</subfield>
	</datafield>
</record>