

<record>
	<leader>01904nam a2200469 a 4500</leader>
	<controlfield tag="001">REROILS:214</controlfield>
	<controlfield tag="003">RERO</controlfield>
	<controlfield tag="005">20170925203700.0</controlfield>
	<controlfield tag="008">860708s1985    gw |||||| ||||00|| |ger d</controlfield>
	<datafield ind1=" " ind2=" " tag="020">
		<subfield code="a">9783924859053</subfield>
	</datafield>
	<datafield ind1=" " ind2=" " tag="035">
		<subfield code="a">0729777</subfield>
	</datafield>
	<datafield ind1=" " ind2="7" tag="039">
		<subfield code="b">9101</subfield>
	</datafield>
	<datafield ind1=" " ind2="9" tag="039">
		<subfield code="a">201709252037</subfield>
		<subfield code="b">VLOAD</subfield>
		<subfield code="c">201706101313</subfield>
		<subfield code="d">VLOAD</subfield>
		<subfield code="c">201704040957</subfield>
		<subfield code="d">VLOAD</subfield>
		<subfield code="c">200812230134</subfield>
		<subfield code="d">VLOAD</subfield>
		<subfield code="y">1999022803010000</subfield>
		<subfield code="z">load</subfield>
	</datafield>
	<datafield ind1=" " ind2=" " tag="040">
		<subfield code="a">RERO laidap</subfield>
	</datafield>
	<datafield ind1=" " ind2="7" tag="072">
		<subfield code="a">s1sp</subfield>
		<subfield code="2">rero</subfield>
	</datafield>
	<datafield ind1=" " ind2="7" tag="072">
		<subfield code="a">s2ur</subfield>
		<subfield code="2">rero</subfield>
	</datafield>
	<datafield ind1="1" ind2=" " tag="100">
		<subfield code="a">Knoepfel, Peter</subfield>
		<subfield code="4">cre</subfield>
	</datafield>
	<datafield ind1="1" ind2="0" tag="245">
		<subfield code="a">Luftreinhaltepolitik (stationäre Quellen) im internationalen Vergleich /</subfield>
		<subfield code="c">Peter Knoepfel, Helmut Weidner ; [Internationales Institut für Umwelt und Gesellschaft].</subfield>
		<subfield code="n">Bd. 1,</subfield>
		<subfield code="p">Methodik und Ergebnisse :</subfield>
		<subfield code="b">Bundesrepublik Deutschland, England, Frankreich, Italien, Niederlande</subfield>
	</datafield>
	<datafield ind1=" " ind2="1" tag="264">
		<subfield code="a">Berlin :</subfield>
		<subfield code="b">Ed. Sigma,</subfield>
		<subfield code="c">1985</subfield>
	</datafield>
	<datafield ind1=" " ind2=" " tag="300">
		<subfield code="a">341 p. :</subfield>
		<subfield code="b">ill. ;</subfield>
		<subfield code="c">27 cm</subfield>
	</datafield>
	<datafield ind1=" " ind2=" " tag="336">
		<subfield code="b">txt</subfield>
		<subfield code="2">rdacontent</subfield>
	</datafield>
	<datafield ind1=" " ind2=" " tag="337">
		<subfield code="b">n</subfield>
		<subfield code="2">rdamedia</subfield>
	</datafield>
	<datafield ind1=" " ind2=" " tag="338">
		<subfield code="b">nc</subfield>
		<subfield code="2">rdacarrier</subfield>
	</datafield>
	<datafield ind1=" " ind2=" " tag="339">
		<subfield code="a">docmaintype_book</subfield>
		<subfield code="b">docsubtype_other_book</subfield>
	</datafield>
	<datafield ind1=" " ind2=" " tag="504">
		<subfield code="a">Bibliogr</subfield>
	</datafield>
	<datafield ind1=" " ind2="7" tag="650">
		<subfield code="a">lutte contre la pollution atmosphérique</subfield>
		<subfield code="2">rerovoc</subfield>
	</datafield>
	<datafield ind1=" " ind2="7" tag="650">
		<subfield code="a">politique publique comparée</subfield>
		<subfield code="2">rerovoc</subfield>
	</datafield>
	<datafield ind1=" " ind2="7" tag="650">
		<subfield code="a">pollution atmosphérique</subfield>
		<subfield code="2">rerovoc</subfield>
	</datafield>
	<datafield ind1=" " ind2="7" tag="650">
		<subfield code="a">Droit international</subfield>
		<subfield code="2">rero</subfield>
	</datafield>
	<datafield ind1=" " ind2="7" tag="650">
		<subfield code="a">Droit comparé</subfield>
		<subfield code="2">rero</subfield>
	</datafield>
	<datafield ind1=" " ind2="7" tag="651">
		<subfield code="a">Europe occidentale</subfield>
		<subfield code="2">rero</subfield>
	</datafield>
	<datafield ind1="1" ind2=" " tag="700">
		<subfield code="a">Weidner, Helmut</subfield>
		<subfield code="0">(IDREF)031771440</subfield>
	</datafield>
	<datafield ind1="1" ind2=" " tag="800">
		<subfield code="a">Knoepfel, Peter. -</subfield>
		<subfield code="t">Luftreinhaltepolitik (stationäre Quellen) im internationalen Vergleich</subfield>
		<subfield code="v">1</subfield>
		<subfield code="w">REROILS:73</subfield>
	</datafield>
	<datafield ind1=" " ind2=" " tag="900">
		<subfield code="a">noselfmerge</subfield>
	</datafield>
	<datafield ind1=" " ind2=" " tag="919">
		<subfield code="9">650 _7</subfield>
		<subfield code="a">lutte contre la pollution atmosphérique</subfield>
		<subfield code="x">politique publique comparée</subfield>
		<subfield code="z">Europe occidentale</subfield>
		<subfield code="2">chrero</subfield>
	</datafield>
	<datafield ind1=" " ind2=" " tag="919">
		<subfield code="9">650 _7</subfield>
		<subfield code="a">pollution atmosphérique</subfield>
		<subfield code="x">* droit international</subfield>
		<subfield code="2">chrero</subfield>
	</datafield>
	<datafield ind1=" " ind2=" " tag="919">
		<subfield code="9">650 _7</subfield>
		<subfield code="a">pollution atmosphérique</subfield>
		<subfield code="x">* droit comparé</subfield>
		<subfield code="2">chrero</subfield>
	</datafield>
	<datafield ind1=" " ind2=" " tag="957">
		<subfield code="a">geubfd</subfield>
	</datafield>
	<datafield ind1=" " ind2=" " tag="980">
		<subfield code="2">dr-sys</subfield>
		<subfield code="a">A 59 h</subfield>
	</datafield>
	<datafield ind1=" " ind2=" " tag="982">
		<subfield code="2">dr-geubfd</subfield>
		<subfield code="a">A 59 h KNOE 1985</subfield>
	</datafield>
	<datafield ind1=" " ind2=" " tag="992">
		<subfield code="a">BFDB 1018/1</subfield>
		<subfield code="x">ge/ubfd/a/87/835</subfield>
	</datafield>
	<datafield ind1=" " ind2=" " tag="992">
		<subfield code="a">BFDB 1018/1</subfield>
		<subfield code="x">ge/ubfd/a/87/12</subfield>
	</datafield>
</record>