

<record>
	<leader>03010naa a22005412a 4500</leader>
	<controlfield tag="001">REROILS:1</controlfield>
	<controlfield tag="003">RERO</controlfield>
	<controlfield tag="005">20171127203100.0</controlfield>
	<controlfield tag="008">970725m19031905sz ||| |  ||||00|  |ger d</controlfield>
	<datafield ind1=" " ind2=" " tag="019">
		<subfield code="a">Attention champ 933 issu de la migration d'Alexandria à conserver temporairement</subfield>
		<subfield code="9">iftfla/12.2009</subfield>
		<subfield code="5">alexrero</subfield>
	</datafield>
	<datafield ind1=" " ind2=" " tag="019">
		<subfield code="a">Notice issue de la migration Alexandria</subfield>
		<subfield code="9">iftfla/12.2009</subfield>
	</datafield>
	<datafield ind1=" " ind2=" " tag="035">
		<subfield code="a">bv01003517</subfield>
	</datafield>
	<datafield ind1=" " ind2="4" tag="039">
		<subfield code="b">5012</subfield>
		<subfield code="5">alexrero</subfield>
	</datafield>
	<datafield ind1=" " ind2="9" tag="039">
		<subfield code="a">201711272031</subfield>
		<subfield code="b">VLOAD</subfield>
		<subfield code="c">201711271651</subfield>
		<subfield code="d">VLOAD</subfield>
		<subfield code="c">201705220733</subfield>
		<subfield code="d">VLOAD</subfield>
		<subfield code="c">201503151406</subfield>
		<subfield code="d">VLOAD</subfield>
		<subfield code="y">200912101825</subfield>
		<subfield code="z">VLOAD</subfield>
	</datafield>
	<datafield ind1=" " ind2=" " tag="040">
		<subfield code="a">RERO iftfla</subfield>
	</datafield>
	<datafield ind1=" " ind2="7" tag="072">
		<subfield code="a">s1dr</subfield>
		<subfield code="2">rero</subfield>
	</datafield>
	<datafield ind1="0" ind2="4" tag="245">
		<subfield code="a">Die Praxis des aargauischen Obergerichts in Steuersachen</subfield>
	</datafield>
	<datafield ind1="3" ind2=" " tag="246">
		<subfield code="a">Spruchpraxis des Obergerichts und der Abteilung für Civilsachen am Obergericht in Steuerstreitsachen</subfield>
	</datafield>
	<datafield ind1=" " ind2="1" tag="264">
		<subfield code="a">Aarau :</subfield>
		<subfield code="b">H.R. Sauerländer,</subfield>
		<subfield code="c">[1903-1905]</subfield>
	</datafield>
	<datafield ind1=" " ind2=" " tag="300">
		<subfield code="a">3 Hefte ;</subfield>
		<subfield code="c">24 cm</subfield>
	</datafield>
	<datafield ind1=" " ind2=" " tag="336">
		<subfield code="b">txt</subfield>
		<subfield code="2">rdacontent</subfield>
	</datafield>
	<datafield ind1=" " ind2=" " tag="337">
		<subfield code="b">n</subfield>
		<subfield code="2">rdamedia</subfield>
	</datafield>
	<datafield ind1=" " ind2=" " tag="338">
		<subfield code="b">nc</subfield>
		<subfield code="2">rdacarrier</subfield>
	</datafield>
	<datafield ind1=" " ind2=" " tag="339">
		<subfield code="a">docmaintype_article</subfield>
	</datafield>
	<datafield ind1=" " ind2=" " tag="500">
		<subfield code="a">Autre titre: Spruchpraxis des Obergerichts und der Abteilung für Civilsachen am Obergericht in Steuerstreitsachen</subfield>
	</datafield>
	<datafield ind1=" " ind2=" " tag="500">
		<subfield code="a">Heft 2 u. 3 u.d.T.: Die Spruchpraxis des Obergerichts und der Abteilung für Civilsachen am Obergericht in Steuerstreitsachen</subfield>
	</datafield>
	<datafield ind1="0" ind2=" " tag="505">
		<subfield code="a">[H. 1]: [1903]. - S. 84-122. - Sonderabdruck aus der Vierteljahresschrift für aargauische Rechtsprechung, III (1903), H. 2</subfield>
	</datafield>
	<datafield ind1="0" ind2=" " tag="505">
		<subfield code="a">H. 2: [1904]. - S. 193-219. - Sonderabdruck aus der Vierteljahresschrift für aargauische Rechtsprechung, IV (1904)</subfield>
	</datafield>
	<datafield ind1="0" ind2=" " tag="505">
		<subfield code="a">H. 3: [1905]. - S. 98-124. - Sonderabdruck aus der Vierteljahresschrift für aargauische Rechtsprechung, V (1905)</subfield>
	</datafield>
	<datafield ind1=" " ind2=" " tag="580">
		<subfield code="a">In: Vierteljahresschrift für aargauische Rechtsprechung. - Jg. 3 (1903), H. 2, S. 84-122</subfield>
	</datafield>
	<datafield ind1=" " ind2=" " tag="580">
		<subfield code="a">In: Vierteljahresschrift für aargauische Rechtsprechung. - Jg. 4 (1904), S. 193-219</subfield>
	</datafield>
	<datafield ind1=" " ind2=" " tag="580">
		<subfield code="a">In: Vierteljahresschrift für aargauische Rechtsprechung. - Jg. 5 (1905), H. 3, S. 98-124</subfield>
	</datafield>
	<datafield ind1=" " ind2="7" tag="650">
		<subfield code="a">Abgaberecht</subfield>
		<subfield code="2">jurivoc</subfield>
		<subfield code="9">ger</subfield>
	</datafield>
	<datafield ind1=" " ind2="7" tag="650">
		<subfield code="a">Steuer</subfield>
		<subfield code="2">jurivoc</subfield>
		<subfield code="9">ger</subfield>
	</datafield>
	<datafield ind1=" " ind2="7" tag="650">
		<subfield code="a">Gerichts- und Verwaltungspraxis</subfield>
		<subfield code="2">jurivoc</subfield>
		<subfield code="9">ger</subfield>
	</datafield>
	<datafield ind1=" " ind2="7" tag="650">
		<subfield code="a">richterliche Behörde</subfield>
		<subfield code="2">jurivoc</subfield>
		<subfield code="9">ger</subfield>
	</datafield>
	<datafield ind1=" " ind2="7" tag="650">
		<subfield code="a">kantonale Behörde</subfield>
		<subfield code="2">jurivoc</subfield>
		<subfield code="9">ger</subfield>
	</datafield>
	<datafield ind1=" " ind2="7" tag="651">
		<subfield code="a">Schweiz</subfield>
		<subfield code="2">jurivoc</subfield>
		<subfield code="9">ger</subfield>
	</datafield>
	<datafield ind1=" " ind2="7" tag="651">
		<subfield code="a">Aargau</subfield>
		<subfield code="2">jurivoc</subfield>
		<subfield code="9">ger</subfield>
	</datafield>
	<datafield ind1=" " ind2="7" tag="655">
		<subfield code="a">Entscheidsammlung</subfield>
		<subfield code="2">jurivoc</subfield>
		<subfield code="9">ger</subfield>
	</datafield>
	<datafield ind1="1" ind2=" " tag="773">
		<subfield code="t">Vierteljahresschrift für aargauische Rechtsprechung</subfield>
		<subfield code="g">Jg. 3 (1903), H. 2, S. 84-122</subfield>
		<subfield code="w">REROILS:2000038</subfield>
	</datafield>
	<datafield ind1="1" ind2=" " tag="773">
		<subfield code="t">Vierteljahresschrift für aargauische Rechtsprechung</subfield>
		<subfield code="g">Jg. 4 (1904), S. 193-219</subfield>
		<subfield code="w">REROILS:2000038</subfield>
	</datafield>
	<datafield ind1="1" ind2=" " tag="773">
		<subfield code="t">Vierteljahresschrift für aargauische Rechtsprechung</subfield>
		<subfield code="g">Jg. 5 (1905), H. 3, S. 98-124</subfield>
		<subfield code="w">REROILS:2000038</subfield>
	</datafield>
	<datafield ind1=" " ind2=" " tag="933">
		<subfield code="s">Vierteljahresschrift für aargauische Rechtsprechung</subfield>
		<subfield code="g">Jg. 3 (1903), H. 2, S. 84-122</subfield>
		<subfield code="5">alexrero</subfield>
	</datafield>
	<datafield ind1=" " ind2=" " tag="933">
		<subfield code="s">Vierteljahresschrift für aargauische Rechtsprechung</subfield>
		<subfield code="g">Jg. 4 (1904), S. 193-219</subfield>
		<subfield code="5">alexrero</subfield>
	</datafield>
	<datafield ind1=" " ind2=" " tag="933">
		<subfield code="s">Vierteljahresschrift für aargauische Rechtsprechung</subfield>
		<subfield code="g">Jg. 5 (1905), H. 3, S. 98-124</subfield>
		<subfield code="5">alexrero</subfield>
	</datafield>
	<datafield ind1=" " ind2=" " tag="953">
		<subfield code="a">iftfla</subfield>
	</datafield>
	<datafield ind1=" " ind2=" " tag="983">
		<subfield code="2">iftfla</subfield>
		<subfield code="a">TFLa A 15/36</subfield>
	</datafield>
</record>