

<record>
	<leader>01516nam a2200409 a 4500</leader>
	<controlfield tag="001">REROILS:116</controlfield>
	<controlfield tag="003">RERO</controlfield>
	<controlfield tag="005">20201019183000.0</controlfield>
	<controlfield tag="006">m    |</controlfield>
	<controlfield tag="007">c|</controlfield>
	<controlfield tag="008">150309s2004    sp ||| || ||||00| ||spa d</controlfield>
	<datafield ind1=" " ind2=" " tag="020">
		<subfield code="a">9788488252487</subfield>
	</datafield>
	<datafield ind1="2" ind2=" " tag="024">
		<subfield code="a">NIPO 503-04-004-2</subfield>
		<subfield code="2">nipo</subfield>
	</datafield>
	<datafield ind1=" " ind2=" " tag="035">
		<subfield code="a">R008088815</subfield>
	</datafield>
	<datafield ind1=" " ind2="9" tag="039">
		<subfield code="a">202010191830</subfield>
		<subfield code="b">VLOAD</subfield>
		<subfield code="c">201910221025</subfield>
		<subfield code="d">AUTHORITY</subfield>
		<subfield code="c">201908231442</subfield>
		<subfield code="d">AUTHORITY</subfield>
		<subfield code="c">201705200915</subfield>
		<subfield code="d">VLOAD</subfield>
		<subfield code="y">201503090810</subfield>
		<subfield code="z">4301</subfield>
	</datafield>
	<datafield ind1=" " ind2=" " tag="040">
		<subfield code="a">SpMaBN</subfield>
		<subfield code="d">RERO neubfl</subfield>
	</datafield>
	<datafield ind1=" " ind2="7" tag="072">
		<subfield code="a">s1es</subfield>
		<subfield code="2">rero</subfield>
	</datafield>
	<datafield ind1=" " ind2=" " tag="080">
		<subfield code="a">811.134.2(063)</subfield>
	</datafield>
	<datafield ind1=" " ind2=" " tag="080">
		<subfield code="a">821.134.2.09(063)</subfield>
	</datafield>
	<datafield ind1="0" ind2="0" tag="245">
		<subfield code="a">Actas de los congresos de la Asociación Internacional de Hispanistas /</subfield>
		<subfield code="c">edición dirigida por Aurora Egido y César Antonio Molina</subfield>
	</datafield>
	<datafield ind1=" " ind2="1" tag="264">
		<subfield code="a">[Alcalá de Henares (Madrid)] :</subfield>
		<subfield code="b">Instituto Cervantes,</subfield>
		<subfield code="c">[2004]</subfield>
	</datafield>
	<datafield ind1=" " ind2=" " tag="300">
		<subfield code="a">1 disco (CD-ROM) ;</subfield>
		<subfield code="c">12 cm</subfield>
		<subfield code="e">2 dípticos</subfield>
	</datafield>
	<datafield ind1=" " ind2=" " tag="336">
		<subfield code="b">txt</subfield>
		<subfield code="2">rdacontent</subfield>
	</datafield>
	<datafield ind1=" " ind2=" " tag="337">
		<subfield code="b">c</subfield>
		<subfield code="2">rdamedia</subfield>
	</datafield>
	<datafield ind1=" " ind2=" " tag="338">
		<subfield code="b">cd</subfield>
		<subfield code="2">rdacarrier</subfield>
	</datafield>
	<datafield ind1=" " ind2=" " tag="339">
		<subfield code="a">docmaintype_electronic</subfield>
		<subfield code="b">docsubtype_cdrom_dvdrom</subfield>
	</datafield>
	<datafield ind1=" " ind2=" " tag="500">
		<subfield code="a">&quot;Actas I-X (Oxford, 1962, Barcelona, 1989)&quot;--Etiqueta</subfield>
	</datafield>
	<datafield ind1=" " ind2=" " tag="500">
		<subfield code="a">Adobe Reader 6.0</subfield>
	</datafield>
	<datafield ind1=" " ind2=" " tag="500">
		<subfield code="a">Tít. tomado de la pantalla del título</subfield>
	</datafield>
	<datafield ind1="1" ind2=" " tag="700">
		<subfield code="a">Egido, Aurora</subfield>
		<subfield code="0">(IDREF)02911344X</subfield>
	</datafield>
	<datafield ind1="1" ind2=" " tag="700">
		<subfield code="a">Molina, César Antonio</subfield>
		<subfield code="0">(IDREF)028845870</subfield>
	</datafield>
	<datafield ind1="2" ind2=" " tag="710">
		<subfield code="a">Asociación Internacional de Hispanistas</subfield>
		<subfield code="0">(IDREF)026464462</subfield>
	</datafield>
	<datafield ind1=" " ind2="1" tag="900">
		<subfield code="a">BNE</subfield>
		<subfield code="b">20150309</subfield>
	</datafield>
	<datafield ind1=" " ind2=" " tag="900">
		<subfield code="a">noselfmerge</subfield>
	</datafield>
	<datafield ind1=" " ind2=" " tag="919">
		<subfield code="a">Filología española</subfield>
		<subfield code="v">Congresos y asambleas</subfield>
		<subfield code="2">embne</subfield>
	</datafield>
	<datafield ind1=" " ind2=" " tag="962">
		<subfield code="a">neubfl</subfield>
	</datafield>
</record>