

<record>
	<leader>01747nam a22004332a 4500</leader>
	<controlfield tag="001">REROILS:5</controlfield>
	<controlfield tag="003">RERO</controlfield>
	<controlfield tag="005">20210116151300.0</controlfield>
	<controlfield tag="008">110218s2002    fr ||| |  ||||00|  |fre d</controlfield>
	<datafield ind1=" " ind2=" " tag="019">
		<subfield code="a">Notice créée dans le cadre de la migration de la BM Delémont</subfield>
		<subfield code="9">jubmda/06.2011</subfield>
	</datafield>
	<datafield ind1=" " ind2=" " tag="020">
		<subfield code="a">9782845630260</subfield>
	</datafield>
	<datafield ind1="7" ind2=" " tag="024">
		<subfield code="a">http://catalogue.bnf.fr/ark:/12148/cb38821030f</subfield>
		<subfield code="2">uri</subfield>
	</datafield>
	<datafield ind1=" " ind2=" " tag="035">
		<subfield code="a">R006032628</subfield>
	</datafield>
	<datafield ind1=" " ind2="9" tag="039">
		<subfield code="a">202101161513</subfield>
		<subfield code="b">VLOAD</subfield>
		<subfield code="c">201911141550</subfield>
		<subfield code="d">VLOAD</subfield>
		<subfield code="c">201907251837</subfield>
		<subfield code="d">VLOAD</subfield>
		<subfield code="c">201804101413</subfield>
		<subfield code="d">VLOAD</subfield>
		<subfield code="y">201106171547</subfield>
		<subfield code="z">VLOAD</subfield>
	</datafield>
	<datafield ind1=" " ind2=" " tag="040">
		<subfield code="a">RERO jubmda</subfield>
	</datafield>
	<datafield ind1=" " ind2="7" tag="072">
		<subfield code="a">s1zz</subfield>
		<subfield code="2">rero</subfield>
	</datafield>
	<datafield ind1="1" ind2=" " tag="100">
		<subfield code="a">Jacq, Christian,</subfield>
		<subfield code="d">1947-</subfield>
		<subfield code="4">cre</subfield>
		<subfield code="0">(IDREF)026932997</subfield>
	</datafield>
	<datafield ind1="1" ind2="2" tag="245">
		<subfield code="a">L'épée flamboyante :</subfield>
		<subfield code="b">roman /</subfield>
		<subfield code="c">Christian Jacq</subfield>
	</datafield>
	<datafield ind1=" " ind2="1" tag="264">
		<subfield code="a">Paris :</subfield>
		<subfield code="b">XO,</subfield>
		<subfield code="c">2002</subfield>
	</datafield>
	<datafield ind1=" " ind2=" " tag="300">
		<subfield code="a">332 p. ;</subfield>
		<subfield code="c">24 cm</subfield>
	</datafield>
	<datafield ind1=" " ind2=" " tag="336">
		<subfield code="b">txt</subfield>
		<subfield code="2">rdacontent</subfield>
	</datafield>
	<datafield ind1=" " ind2=" " tag="337">
		<subfield code="b">n</subfield>
		<subfield code="2">rdamedia</subfield>
	</datafield>
	<datafield ind1=" " ind2=" " tag="338">
		<subfield code="b">nc</subfield>
		<subfield code="2">rdacarrier</subfield>
	</datafield>
	<datafield ind1=" " ind2=" " tag="339">
		<subfield code="a">docmaintype_book</subfield>
		<subfield code="b">docsubtype_other_book</subfield>
	</datafield>
	<datafield ind1="0" ind2=" " tag="490">
		<subfield code="a">La reine liberté / Christian Jacq</subfield>
		<subfield code="v">3</subfield>
	</datafield>
	<datafield ind1="8" ind2=" " tag="520">
		<subfield code="a">La reine Ahotep a reconquis une grande partie du sud, au prix de la vie de ceux qu'elle aime. Après cent ans d'occupation, l'empire va enfin renaître de ses cendres.</subfield>
		<subfield code="9">vschab/07.2015</subfield>
	</datafield>
	<datafield ind1=" " ind2="7" tag="655">
		<subfield code="a">[Roman historique]</subfield>
		<subfield code="2">rero</subfield>
	</datafield>
	<datafield ind1=" " ind2=" " tag="900">
		<subfield code="a">noselfmerge</subfield>
	</datafield>
	<datafield ind1=" " ind2=" " tag="904">
		<subfield code="a">jubmdare op115794</subfield>
	</datafield>
	<datafield ind1=" " ind2=" " tag="919">
		<subfield code="a">civilisation égyptienne</subfield>
		<subfield code="2">vschab</subfield>
	</datafield>
	<datafield ind1=" " ind2=" " tag="919">
		<subfield code="a">Egypte : histoire</subfield>
		<subfield code="2">vschab</subfield>
	</datafield>
	<datafield ind1=" " ind2=" " tag="919">
		<subfield code="a">fiction</subfield>
		<subfield code="2">vschab</subfield>
	</datafield>
	<datafield ind1=" " ind2=" " tag="919">
		<subfield code="a">pharaon</subfield>
		<subfield code="2">vschab</subfield>
	</datafield>
	<datafield ind1=" " ind2=" " tag="919">
		<subfield code="a">roman historique</subfield>
		<subfield code="2">vschab</subfield>
	</datafield>
	<datafield ind1=" " ind2=" " tag="960">
		<subfield code="a">jubmda</subfield>
	</datafield>
	<datafield ind1=" " ind2=" " tag="973">
		<subfield code="a">vscoll</subfield>
	</datafield>
	<datafield ind1=" " ind2=" " tag="984">
		<subfield code="2">jubmd</subfield>
		<subfield code="a">EGYPTE ANTIQUE</subfield>
		<subfield code="e">[Fiction]</subfield>
	</datafield>
	<datafield ind1=" " ind2=" " tag="984">
		<subfield code="2">jubmd</subfield>
		<subfield code="a">Titre de série : La reine liberté / Christian Jacq</subfield>
	</datafield>
</record>