

<record>
	<leader>01114ncm a2200337 a 4500</leader>
	<controlfield tag="001">REROILS:236</controlfield>
	<controlfield tag="003">RERO</controlfield>
	<controlfield tag="005">20200629053800.0</controlfield>
	<controlfield tag="008">051107s1959    xxu|||||| ||||  |  |und d</controlfield>
	<datafield ind1=" " ind2=" " tag="019">
		<subfield code="a">cat. d'après la page de couv.</subfield>
		<subfield code="9">vsbcvs</subfield>
	</datafield>
	<datafield ind1=" " ind2=" " tag="035">
		<subfield code="a">R003935615</subfield>
	</datafield>
	<datafield ind1=" " ind2="9" tag="039">
		<subfield code="a">202006290538</subfield>
		<subfield code="b">VLOAD</subfield>
		<subfield code="c">201808202043</subfield>
		<subfield code="d">VLOAD</subfield>
		<subfield code="c">201705190848</subfield>
		<subfield code="d">VLOAD</subfield>
		<subfield code="c">201605141656</subfield>
		<subfield code="d">VLOAD</subfield>
		<subfield code="y">200511071102</subfield>
		<subfield code="z">1035</subfield>
	</datafield>
	<datafield ind1=" " ind2=" " tag="040">
		<subfield code="a">RERO vsbcvs</subfield>
	</datafield>
	<datafield ind1=" " ind2="7" tag="072">
		<subfield code="a">s1mu</subfield>
		<subfield code="2">rero</subfield>
	</datafield>
	<datafield ind1="1" ind2=" " tag="100">
		<subfield code="a">Marek, Robert</subfield>
		<subfield code="4">cre</subfield>
	</datafield>
	<datafield ind1="1" ind2="0" tag="245">
		<subfield code="a">Trio for brass intruments :</subfield>
		<subfield code="b">trumpet, horn, trombone /</subfield>
		<subfield code="c">Robert Marek</subfield>
	</datafield>
	<datafield ind1=" " ind2="1" tag="264">
		<subfield code="a">North Easton :</subfield>
		<subfield code="b">R. King Music,</subfield>
		<subfield code="c">[1959]</subfield>
	</datafield>
	<datafield ind1=" " ind2="4" tag="264">
		<subfield code="c">© 1959</subfield>
	</datafield>
	<datafield ind1=" " ind2=" " tag="300">
		<subfield code="a">1 partition (10 p.) ;</subfield>
		<subfield code="c">28 cm +</subfield>
		<subfield code="e">3 parties</subfield>
	</datafield>
	<datafield ind1=" " ind2=" " tag="336">
		<subfield code="b">ntm</subfield>
		<subfield code="2">rdacontent</subfield>
	</datafield>
	<datafield ind1=" " ind2=" " tag="337">
		<subfield code="b">n</subfield>
		<subfield code="2">rdamedia</subfield>
	</datafield>
	<datafield ind1=" " ind2=" " tag="338">
		<subfield code="b">nc</subfield>
		<subfield code="2">rdacarrier</subfield>
	</datafield>
	<datafield ind1=" " ind2=" " tag="339">
		<subfield code="a">docmaintype_score</subfield>
		<subfield code="b">docsubtype_printed_score</subfield>
	</datafield>
	<datafield ind1="1" ind2=" " tag="490">
		<subfield code="a">Music for brass</subfield>
		<subfield code="v">No. 216</subfield>
	</datafield>
	<datafield ind1="1" ind2="2" tag="700">
		<subfield code="a">Marek, Robert. -</subfield>
		<subfield code="t">Trios.</subfield>
		<subfield code="m">Trompette, cor, trombone</subfield>
	</datafield>
	<datafield ind1=" " ind2="0" tag="830">
		<subfield code="a">Music for Brass</subfield>
		<subfield code="v">216</subfield>
		<subfield code="w">REROILS:2000040</subfield>
	</datafield>
	<datafield ind1=" " ind2=" " tag="900">
		<subfield code="a">noselfmerge</subfield>
	</datafield>
	<datafield ind1=" " ind2=" " tag="906">
		<subfield code="a">fonds CNEM</subfield>
	</datafield>
	<datafield ind1=" " ind2=" " tag="973">
		<subfield code="a">vsbcvs</subfield>
	</datafield>
	<datafield ind1=" " ind2=" " tag="980">
		<subfield code="2">musg</subfield>
		<subfield code="a">Trio</subfield>
		<subfield code="d">trompette, cor, trombone</subfield>
		<subfield code="e">1951-2000</subfield>
	</datafield>
	<datafield ind1=" " ind2=" " tag="980">
		<subfield code="2">musi</subfield>
		<subfield code="a">trompette, cor, trombone</subfield>
	</datafield>
</record>