

<record>
	<leader>01350nam a2200373 a 4500</leader>
	<controlfield tag="001">REROILS:115</controlfield>
	<controlfield tag="003">RERO</controlfield>
	<controlfield tag="005">20190117200300.0</controlfield>
	<controlfield tag="008">020719s2001    ja ||| |  ||||00|  |jpn d</controlfield>
	<datafield ind1=" " ind2=" " tag="020">
		<subfield code="a">9784906536177</subfield>
	</datafield>
	<datafield ind1=" " ind2=" " tag="035">
		<subfield code="a">R003220220</subfield>
	</datafield>
	<datafield ind1=" " ind2="7" tag="039">
		<subfield code="b">6201</subfield>
	</datafield>
	<datafield ind1=" " ind2="9" tag="039">
		<subfield code="a">201901172003</subfield>
		<subfield code="b">VLOAD</subfield>
		<subfield code="c">201812081719</subfield>
		<subfield code="d">VLOAD</subfield>
		<subfield code="c">201808301621</subfield>
		<subfield code="d">VLOAD</subfield>
		<subfield code="c">201706161843</subfield>
		<subfield code="d">VLOAD</subfield>
		<subfield code="y">200207191115</subfield>
		<subfield code="z">6201</subfield>
	</datafield>
	<datafield ind1=" " ind2=" " tag="040">
		<subfield code="a">RERO gevbaa</subfield>
	</datafield>
	<datafield ind1="0" ind2=" " tag="041">
		<subfield code="a">eng</subfield>
		<subfield code="a">jpn</subfield>
	</datafield>
	<datafield ind1=" " ind2="7" tag="072">
		<subfield code="a">s1ba</subfield>
		<subfield code="2">rero</subfield>
	</datafield>
	<datafield ind1="0" ind2="0" tag="245">
		<subfield code="a">American heroism :</subfield>
		<subfield code="b">The National Museum of Western Art, Tokyo, August 7-October 14, 2001</subfield>
	</datafield>
	<datafield ind1=" " ind2="1" tag="264">
		<subfield code="a">Tokyo :</subfield>
		<subfield code="b">The National Museum of Western Art,</subfield>
		<subfield code="c">[2001]</subfield>
	</datafield>
	<datafield ind1=" " ind2="4" tag="264">
		<subfield code="c">© 2001</subfield>
	</datafield>
	<datafield ind1=" " ind2=" " tag="300">
		<subfield code="a">117 p. :</subfield>
		<subfield code="b">ill. en noir et en coul. ;</subfield>
		<subfield code="c">31 cm</subfield>
	</datafield>
	<datafield ind1=" " ind2=" " tag="336">
		<subfield code="b">txt</subfield>
		<subfield code="2">rdacontent</subfield>
	</datafield>
	<datafield ind1=" " ind2=" " tag="337">
		<subfield code="b">n</subfield>
		<subfield code="2">rdamedia</subfield>
	</datafield>
	<datafield ind1=" " ind2=" " tag="338">
		<subfield code="b">nc</subfield>
		<subfield code="2">rdacarrier</subfield>
	</datafield>
	<datafield ind1=" " ind2=" " tag="339">
		<subfield code="a">docmaintype_book</subfield>
		<subfield code="b">docsubtype_other_book</subfield>
	</datafield>
	<datafield ind1=" " ind2=" " tag="500">
		<subfield code="a">Texte bilingue anglais et japonais</subfield>
	</datafield>
	<datafield ind1=" " ind2=" " tag="500">
		<subfield code="a">Exposition. Tokyo. National Museum of Western Art. 2001</subfield>
	</datafield>
	<datafield ind1=" " ind2="7" tag="650">
		<subfield code="a">18e siècle (fin)-20e siècle (1re moitié)</subfield>
		<subfield code="2">rero</subfield>
	</datafield>
	<datafield ind1=" " ind2="7" tag="650">
		<subfield code="a">Art américain</subfield>
		<subfield code="2">rero</subfield>
	</datafield>
	<datafield ind1=" " ind2="7" tag="655">
		<subfield code="a">[Catalogues d'exposition]</subfield>
		<subfield code="2">rero</subfield>
	</datafield>
	<datafield ind1=" " ind2=" " tag="900">
		<subfield code="a">noselfmerge</subfield>
	</datafield>
	<datafield ind1=" " ind2=" " tag="902">
		<subfield code="a">gevbaa</subfield>
		<subfield code="b">2002/07</subfield>
		<subfield code="c">503</subfield>
	</datafield>
	<datafield ind1=" " ind2=" " tag="919">
		<subfield code="9">650 _7</subfield>
		<subfield code="a">art américain (Etats-Unis)</subfield>
		<subfield code="y">18e s. (fin) / 20e s. (1ère moitié)</subfield>
		<subfield code="v">[catalogue d'exposition]</subfield>
		<subfield code="2">chrero</subfield>
	</datafield>
	<datafield ind1=" " ind2=" " tag="957">
		<subfield code="a">gevbaa</subfield>
	</datafield>
	<datafield ind1=" " ind2=" " tag="992">
		<subfield code="a">BAA E 2001 TOKYO</subfield>
		<subfield code="x">ge/vbaa/e/2002/5732</subfield>
	</datafield>
</record>