

<record>
	<leader>01023nam a2200325 a 4500</leader>
	<controlfield tag="001">REROILS:187</controlfield>
	<controlfield tag="003">RERO</controlfield>
	<controlfield tag="005">20170517120000.0</controlfield>
	<controlfield tag="008">910330s1983    ja |||||| ||||00|| |jpn d</controlfield>
	<datafield ind1=" " ind2=" " tag="020">
		<subfield code="a">9784641023314</subfield>
	</datafield>
	<datafield ind1=" " ind2=" " tag="035">
		<subfield code="a">1359193</subfield>
	</datafield>
	<datafield ind1=" " ind2="9" tag="039">
		<subfield code="a">201705171200</subfield>
		<subfield code="b">VLOAD</subfield>
		<subfield code="c">201111161338</subfield>
		<subfield code="d">8705</subfield>
		<subfield code="c">200812221930</subfield>
		<subfield code="d">VLOAD</subfield>
		<subfield code="c">200606062022</subfield>
		<subfield code="d">VLOAD</subfield>
		<subfield code="y">1999022817430000</subfield>
		<subfield code="z">load</subfield>
	</datafield>
	<datafield ind1=" " ind2=" " tag="040">
		<subfield code="a">RERO laisdc</subfield>
	</datafield>
	<datafield ind1=" " ind2="7" tag="072">
		<subfield code="a">s1or</subfield>
		<subfield code="2">rero</subfield>
	</datafield>
	<datafield ind1=" " ind2="7" tag="072">
		<subfield code="a">s2dr</subfield>
		<subfield code="2">rero</subfield>
	</datafield>
	<datafield ind1="0" ind2="0" tag="245">
		<subfield code="a">Hōritsu ronbun no kangaekata, kakikata /</subfield>
		<subfield code="c">Toshio Hironaka, Kiyoshi Igarashi</subfield>
	</datafield>
	<datafield ind1=" " ind2="1" tag="264">
		<subfield code="a">Tōkyō :</subfield>
		<subfield code="b">Yuhikaku,</subfield>
		<subfield code="c">1983</subfield>
	</datafield>
	<datafield ind1=" " ind2=" " tag="300">
		<subfield code="a">IV, 252 p. ;</subfield>
		<subfield code="c">20 cm</subfield>
	</datafield>
	<datafield ind1=" " ind2=" " tag="336">
		<subfield code="b">txt</subfield>
		<subfield code="2">rdacontent</subfield>
	</datafield>
	<datafield ind1=" " ind2=" " tag="337">
		<subfield code="b">n</subfield>
		<subfield code="2">rdamedia</subfield>
	</datafield>
	<datafield ind1=" " ind2=" " tag="338">
		<subfield code="b">nc</subfield>
		<subfield code="2">rdacarrier</subfield>
	</datafield>
	<datafield ind1=" " ind2=" " tag="339">
		<subfield code="a">docmaintype_book</subfield>
		<subfield code="b">docsubtype_other_book</subfield>
	</datafield>
	<datafield ind1="1" ind2=" " tag="490">
		<subfield code="a">Yūhikaku sensho; R</subfield>
	</datafield>
	<datafield ind1=" " ind2=" " tag="500">
		<subfield code="a">Titre en français: Techniques redactionnelles de la thèse de doctorat en droit</subfield>
	</datafield>
	<datafield ind1="1" ind2=" " tag="700">
		<subfield code="a">Hironaka, Toshio,</subfield>
		<subfield code="d">1926-</subfield>
		<subfield code="0">(IDREF)24388320X</subfield>
	</datafield>
	<datafield ind1=" " ind2="0" tag="830">
		<subfield code="a">Yūhikaku sensho</subfield>
		<subfield code="w">REROILS:2000041</subfield>
	</datafield>
	<datafield ind1=" " ind2=" " tag="900">
		<subfield code="a">noselfmerge</subfield>
	</datafield>
	<datafield ind1=" " ind2=" " tag="953">
		<subfield code="a">ifisdc</subfield>
	</datafield>
	<datafield ind1=" " ind2=" " tag="980">
		<subfield code="2">dr-sys</subfield>
		<subfield code="a">A 1 a</subfield>
	</datafield>
	<datafield ind1=" " ind2=" " tag="983">
		<subfield code="2">isdc</subfield>
		<subfield code="a">A 1 a JAP/HIR 1983</subfield>
	</datafield>
</record>