

<record>
	<leader>02056nam a2200433 a 4500</leader>
	<controlfield tag="001">REROILS:282</controlfield>
	<controlfield tag="003">RERO</controlfield>
	<controlfield tag="005">20200711100200.0</controlfield>
	<controlfield tag="008">100520s1963    ru |||||| ||||00|| |rus d</controlfield>
	<datafield ind1=" " ind2=" " tag="035">
		<subfield code="a">R005450453</subfield>
	</datafield>
	<datafield ind1=" " ind2="7" tag="039">
		<subfield code="b">0007</subfield>
	</datafield>
	<datafield ind1=" " ind2="9" tag="039">
		<subfield code="a">202007111002</subfield>
		<subfield code="b">VLOAD</subfield>
		<subfield code="c">202002031710</subfield>
		<subfield code="d">VLOAD</subfield>
		<subfield code="c">202001201322</subfield>
		<subfield code="d">VLOAD</subfield>
		<subfield code="c">201811071154</subfield>
		<subfield code="d">AUTHORITY</subfield>
		<subfield code="y">201005201321</subfield>
		<subfield code="z">0007</subfield>
	</datafield>
	<datafield ind1=" " ind2=" " tag="040">
		<subfield code="a">RERO frbcuc</subfield>
	</datafield>
	<datafield ind1="0" ind2=" " tag="041">
		<subfield code="a">rus</subfield>
		<subfield code="a">fre</subfield>
	</datafield>
	<datafield ind1=" " ind2="7" tag="072">
		<subfield code="a">s1ru</subfield>
		<subfield code="2">rero</subfield>
	</datafield>
	<datafield ind1="1" ind2=" " tag="100">
		<subfield code="6">880-01</subfield>
		<subfield code="a">Potot︠s︡kai︠a︡, Varvara Vasilʹevna,</subfield>
		<subfield code="d">1872-1944</subfield>
		<subfield code="4">cre</subfield>
	</datafield>
	<datafield ind1="1" ind2="0" tag="245">
		<subfield code="6">880-02</subfield>
		<subfield code="a">Frant︠s︡uzsko-russkiĭ slovarʹ :</subfield>
		<subfield code="b">okolo 25 000 slov /</subfield>
		<subfield code="c">sost. V.V. Potot︠s︡kai︠a︡</subfield>
	</datafield>
	<datafield ind1=" " ind2=" " tag="250">
		<subfield code="6">880-03</subfield>
		<subfield code="a">11-e izd. stereotipnoe /</subfield>
		<subfield code="b">pri uchastii N. P. Potot︠s︡koĭ</subfield>
	</datafield>
	<datafield ind1=" " ind2="1" tag="264">
		<subfield code="6">880-04</subfield>
		<subfield code="a">Moskva :</subfield>
		<subfield code="b">Gos. izd-vo inostrannykh i nat︠s︡ionalʹnykh slovareĭ,</subfield>
		<subfield code="c">1963</subfield>
	</datafield>
	<datafield ind1=" " ind2=" " tag="300">
		<subfield code="a">559 p.</subfield>
	</datafield>
	<datafield ind1=" " ind2=" " tag="336">
		<subfield code="b">txt</subfield>
		<subfield code="2">rdacontent</subfield>
	</datafield>
	<datafield ind1=" " ind2=" " tag="337">
		<subfield code="b">n</subfield>
		<subfield code="2">rdamedia</subfield>
	</datafield>
	<datafield ind1=" " ind2=" " tag="338">
		<subfield code="b">nc</subfield>
		<subfield code="2">rdacarrier</subfield>
	</datafield>
	<datafield ind1=" " ind2=" " tag="339">
		<subfield code="a">docmaintype_book</subfield>
		<subfield code="b">docsubtype_other_book</subfield>
	</datafield>
	<datafield ind1=" " ind2="7" tag="650">
		<subfield code="a">Français (langue)</subfield>
		<subfield code="2">rero</subfield>
	</datafield>
	<datafield ind1=" " ind2="7" tag="650">
		<subfield code="a">Russe (langue)</subfield>
		<subfield code="2">rero</subfield>
	</datafield>
	<datafield ind1=" " ind2="7" tag="655">
		<subfield code="a">[Dictionnaires français]</subfield>
		<subfield code="2">rero</subfield>
	</datafield>
	<datafield ind1=" " ind2="7" tag="655">
		<subfield code="a">[Dictionnaires russes]</subfield>
		<subfield code="2">rero</subfield>
	</datafield>
	<datafield ind1="1" ind2=" " tag="700">
		<subfield code="6">880-05</subfield>
		<subfield code="a">Potot︠s︡kai︠a︡, Natalʹi︠a︡ Pavlovna</subfield>
		<subfield code="0">(IDREF)030724392</subfield>
	</datafield>
	<datafield ind1="1" ind2=" " tag="880">
		<subfield code="6">100-01/(N</subfield>
		<subfield code="a">Потоцкая, Варвара Васильевна,</subfield>
		<subfield code="d">1872-1944</subfield>
	</datafield>
	<datafield ind1="1" ind2="0" tag="880">
		<subfield code="6">245-02/(N</subfield>
		<subfield code="a">Французско-русский словарь :</subfield>
		<subfield code="b">около 25 000 слов /</subfield>
		<subfield code="c">сост. В.В. Потоцкая</subfield>
	</datafield>
	<datafield ind1=" " ind2=" " tag="880">
		<subfield code="6">250-03/(N</subfield>
		<subfield code="a">11-е изд. стереотипное /</subfield>
		<subfield code="b">при участии Н. П. Потоцкой</subfield>
	</datafield>
	<datafield ind1="1" ind2=" " tag="880">
		<subfield code="6">700-05/(N</subfield>
		<subfield code="a">Потоцкая, Наталья Павловна</subfield>
	</datafield>
	<datafield ind1=" " ind2="1" tag="880">
		<subfield code="6">264-04/(N</subfield>
		<subfield code="a">Москва :</subfield>
		<subfield code="b">Гос. изд-во иностранных и национальных словарей,</subfield>
		<subfield code="c">1963</subfield>
	</datafield>
	<datafield ind1=" " ind2=" " tag="900">
		<subfield code="a">noselfmerge</subfield>
	</datafield>
	<datafield ind1=" " ind2=" " tag="919">
		<subfield code="9">650 _7</subfield>
		<subfield code="a">français (langue)</subfield>
		<subfield code="x">russe (langue)</subfield>
		<subfield code="v">[dictionnaire multilingue]</subfield>
		<subfield code="2">chrero</subfield>
	</datafield>
	<datafield ind1=" " ind2=" " tag="956">
		<subfield code="a">frbcuc</subfield>
	</datafield>
	<datafield ind1=" " ind2=" " tag="981">
		<subfield code="2">SL</subfield>
		<subfield code="a">TP</subfield>
	</datafield>
</record>