

<record>
	<leader>00950nam a2200325 a 4500</leader>
	<controlfield tag="001">REROILS:133</controlfield>
	<controlfield tag="003">RERO</controlfield>
	<controlfield tag="005">20170518122200.0</controlfield>
	<controlfield tag="008">000921s1998    fr |||||| ||||00|  |fre d</controlfield>
	<datafield ind1=" " ind2=" " tag="020">
		<subfield code="a">9782010177668</subfield>
	</datafield>
	<datafield ind1=" " ind2=" " tag="035">
		<subfield code="a">R270772060</subfield>
	</datafield>
	<datafield ind1=" " ind2=" " tag="039">
		<subfield code="b">0011</subfield>
	</datafield>
	<datafield ind1=" " ind2="9" tag="039">
		<subfield code="a">201705181222</subfield>
		<subfield code="b">VLOAD</subfield>
		<subfield code="c">200812210824</subfield>
		<subfield code="d">VLOAD</subfield>
		<subfield code="y">200009210510</subfield>
		<subfield code="z">VLOAD</subfield>
	</datafield>
	<datafield ind1=" " ind2=" " tag="040">
		<subfield code="a">RERO frbcuc</subfield>
	</datafield>
	<datafield ind1=" " ind2="7" tag="072">
		<subfield code="a">s1fr</subfield>
		<subfield code="2">rero</subfield>
	</datafield>
	<datafield ind1="1" ind2=" " tag="100">
		<subfield code="a">Steele, Ross</subfield>
		<subfield code="4">cre</subfield>
		<subfield code="0">(IDREF)02714769X</subfield>
	</datafield>
	<datafield ind1="1" ind2="0" tag="245">
		<subfield code="a">Révisions 3 :</subfield>
		<subfield code="b">350 exercices niveau avancé /</subfield>
		<subfield code="c">Ross Steele, Jane Zemiro.</subfield>
		<subfield code="p">Corrigés</subfield>
	</datafield>
	<datafield ind1=" " ind2="1" tag="264">
		<subfield code="a">Vanves :</subfield>
		<subfield code="b">Hachette F.L.E,</subfield>
		<subfield code="c">1998</subfield>
	</datafield>
	<datafield ind1=" " ind2=" " tag="300">
		<subfield code="a">32 p. ;</subfield>
		<subfield code="c">25 cm</subfield>
	</datafield>
	<datafield ind1=" " ind2=" " tag="336">
		<subfield code="b">txt</subfield>
		<subfield code="2">rdacontent</subfield>
	</datafield>
	<datafield ind1=" " ind2=" " tag="337">
		<subfield code="b">n</subfield>
		<subfield code="2">rdamedia</subfield>
	</datafield>
	<datafield ind1=" " ind2=" " tag="338">
		<subfield code="b">nc</subfield>
		<subfield code="2">rdacarrier</subfield>
	</datafield>
	<datafield ind1=" " ind2=" " tag="339">
		<subfield code="a">docmaintype_book</subfield>
		<subfield code="b">docsubtype_other_book</subfield>
	</datafield>
	<datafield ind1="0" ind2=" " tag="490">
		<subfield code="a">Exerçons-nous</subfield>
	</datafield>
	<datafield ind1="1" ind2=" " tag="700">
		<subfield code="a">Zemiro, Jane</subfield>
		<subfield code="0">(IDREF)056965737</subfield>
	</datafield>
	<datafield ind1="1" ind2=" " tag="800">
		<subfield code="a">Steele, Ross. -</subfield>
		<subfield code="t">Révisions 3 : 350 exercices niveau avancé</subfield>
		<subfield code="w">REROILS:2000042</subfield>
	</datafield>
	<datafield ind1=" " ind2=" " tag="900">
		<subfield code="a">noselfmerge</subfield>
	</datafield>
	<datafield ind1=" " ind2=" " tag="901">
		<subfield code="a">LAR BLE</subfield>
		<subfield code="b">2000/06</subfield>
		<subfield code="c">FLE</subfield>
	</datafield>
	<datafield ind1=" " ind2=" " tag="956">
		<subfield code="a">frbcuc</subfield>
	</datafield>
	<datafield ind1=" " ind2=" " tag="981">
		<subfield code="2">FLE</subfield>
		<subfield code="a">AB</subfield>
	</datafield>
</record>