

<record>
	<leader>01383naa a22004217a 4500</leader>
	<controlfield tag="001">REROILS:29</controlfield>
	<controlfield tag="003">RERO</controlfield>
	<controlfield tag="005">20210212044800.0</controlfield>
	<controlfield tag="008">110608s2011    fr |||||| ||||00|| |fre d</controlfield>
	<datafield ind1=" " ind2=" " tag="019">
		<subfield code="a">Cat. d'après la couv.</subfield>
		<subfield code="9">vsbcvs/06.2011</subfield>
	</datafield>
	<datafield ind1=" " ind2=" " tag="035">
		<subfield code="a">R006070025</subfield>
	</datafield>
	<datafield ind1=" " ind2="7" tag="039">
		<subfield code="b">1030</subfield>
	</datafield>
	<datafield ind1=" " ind2="9" tag="039">
		<subfield code="a">202102120448</subfield>
		<subfield code="b">VLOAD</subfield>
		<subfield code="c">202010060049</subfield>
		<subfield code="d">VLOAD</subfield>
		<subfield code="c">201706110846</subfield>
		<subfield code="d">VLOAD</subfield>
		<subfield code="c">201605160939</subfield>
		<subfield code="d">VLOAD</subfield>
		<subfield code="y">201106081009</subfield>
		<subfield code="z">1030</subfield>
	</datafield>
	<datafield ind1=" " ind2=" " tag="040">
		<subfield code="a">RERO vsbcvs</subfield>
	</datafield>
	<datafield ind1=" " ind2="7" tag="072">
		<subfield code="a">s1me</subfield>
		<subfield code="2">rero</subfield>
	</datafield>
	<datafield ind1="0" ind2="0" tag="245">
		<subfield code="a">Spécial &quot;psy&quot; :</subfield>
		<subfield code="b">quand l'esprit dérape</subfield>
	</datafield>
	<datafield ind1=" " ind2="1" tag="264">
		<subfield code="a">Paris :</subfield>
		<subfield code="b">Excelsior Publications,</subfield>
		<subfield code="c">2011</subfield>
	</datafield>
	<datafield ind1=" " ind2=" " tag="300">
		<subfield code="a">150 p. :</subfield>
		<subfield code="b">ill.</subfield>
	</datafield>
	<datafield ind1=" " ind2=" " tag="336">
		<subfield code="b">txt</subfield>
		<subfield code="2">rdacontent</subfield>
	</datafield>
	<datafield ind1=" " ind2=" " tag="337">
		<subfield code="b">n</subfield>
		<subfield code="2">rdamedia</subfield>
	</datafield>
	<datafield ind1=" " ind2=" " tag="338">
		<subfield code="b">nc</subfield>
		<subfield code="2">rdacarrier</subfield>
	</datafield>
	<datafield ind1=" " ind2=" " tag="339">
		<subfield code="a">docmaintype_article</subfield>
	</datafield>
	<datafield ind1="1" ind2=" " tag="490">
		<subfield code="a">Science &amp; vie. Hors-série</subfield>
		<subfield code="v">no 255, juin 2011</subfield>
	</datafield>
	<datafield ind1=" " ind2="7" tag="650">
		<subfield code="a">Psychiatrie</subfield>
		<subfield code="2">rero</subfield>
	</datafield>
	<datafield ind1=" " ind2="7" tag="650">
		<subfield code="a">Maladies mentales</subfield>
		<subfield code="2">rero</subfield>
	</datafield>
	<datafield ind1=" " ind2="7" tag="655">
		<subfield code="a">[Études diverses]</subfield>
		<subfield code="2">rero</subfield>
	</datafield>
	<datafield ind1=" " ind2="0" tag="830">
		<subfield code="a">Science et vie.</subfield>
		<subfield code="p">Excelsior Publications.</subfield>
		<subfield code="p">Hors série</subfield>
		<subfield code="v">255, 2011</subfield>
		<subfield code="w">REROILS:2000043</subfield>
	</datafield>
	<datafield ind1=" " ind2=" " tag="900">
		<subfield code="a">noselfmerge</subfield>
	</datafield>
	<datafield ind1=" " ind2=" " tag="904">
		<subfield code="a">bpunfar</subfield>
		<subfield code="b">1106</subfield>
		<subfield code="c">4fg</subfield>
	</datafield>
	<datafield ind1=" " ind2=" " tag="906">
		<subfield code="a">bcvs</subfield>
		<subfield code="b">2011/06</subfield>
		<subfield code="c">09</subfield>
	</datafield>
	<datafield ind1=" " ind2=" " tag="906">
		<subfield code="a">eccg</subfield>
		<subfield code="b">2011/06</subfield>
		<subfield code="c">06</subfield>
	</datafield>
	<datafield ind1=" " ind2=" " tag="919">
		<subfield code="9">650 _7</subfield>
		<subfield code="a">psychiatrie</subfield>
		<subfield code="v">[études diverses]</subfield>
		<subfield code="2">chrero</subfield>
	</datafield>
	<datafield ind1=" " ind2=" " tag="919">
		<subfield code="9">650 _7</subfield>
		<subfield code="a">maladie mentale</subfield>
		<subfield code="v">[études diverses]</subfield>
		<subfield code="2">chrero</subfield>
	</datafield>
	<datafield ind1=" " ind2=" " tag="962">
		<subfield code="a">nebpun nelocl njhep-</subfield>
	</datafield>
	<datafield ind1=" " ind2=" " tag="973">
		<subfield code="a">vsbcvs vseccg</subfield>
	</datafield>
	<datafield ind1=" " ind2=" " tag="984">
		<subfield code="2">njhepm</subfield>
		<subfield code="a">psychopathologie</subfield>
	</datafield>
	<datafield ind1=" " ind2=" " tag="986">
		<subfield code="2">cdu-vseccg</subfield>
		<subfield code="a">500</subfield>
	</datafield>
	<datafield ind1=" " ind2=" " tag="994">
		<subfield code="a">LOV 616.89 SPE</subfield>
		<subfield code="x">--</subfield>
	</datafield>
</record>