

<record>
	<leader>01004cam a22002772a 4500</leader>
	<controlfield tag="001">REROILS:228</controlfield>
	<controlfield tag="003">RERO</controlfield>
	<controlfield tag="005">20200619065700.0</controlfield>
	<controlfield tag="008">150311s1839    it ||| |  ||||00|  |und d</controlfield>
	<datafield ind1="2" ind2=" " tag="024">
		<subfield code="a">urn:nbn:de:bvb:12-bsb10248057-2</subfield>
		<subfield code="2">urn</subfield>
	</datafield>
	<datafield ind1=" " ind2=" " tag="035">
		<subfield code="a">R008092462</subfield>
	</datafield>
	<datafield ind1=" " ind2="9" tag="039">
		<subfield code="a">202006190657</subfield>
		<subfield code="b">VLOAD</subfield>
		<subfield code="c">202006151109</subfield>
		<subfield code="d">6041</subfield>
		<subfield code="c">202006142144</subfield>
		<subfield code="d">6041</subfield>
		<subfield code="c">201705200944</subfield>
		<subfield code="d">VLOAD</subfield>
		<subfield code="y">201503111430</subfield>
		<subfield code="z">6094</subfield>
	</datafield>
	<datafield ind1=" " ind2=" " tag="040">
		<subfield code="a">GEBAY</subfield>
		<subfield code="d">DEBBG</subfield>
		<subfield code="d">OCLCQ</subfield>
		<subfield code="d">RERO gevbge</subfield>
	</datafield>
	<datafield ind1=" " ind2="7" tag="072">
		<subfield code="a">s1zz</subfield>
		<subfield code="2">rero</subfield>
	</datafield>
	<datafield ind1="1" ind2=" " tag="100">
		<subfield code="a">Borgialli, Michele</subfield>
		<subfield code="4">cre</subfield>
	</datafield>
	<datafield ind1="1" ind2="0" tag="245">
		<subfield code="a">Sulle emorragie interne dell'utero indipendenti dalla gravidanza cenno teorico-pratico /</subfield>
		<subfield code="c">di Michele Borgialli</subfield>
	</datafield>
	<datafield ind1=" " ind2="1" tag="264">
		<subfield code="a">Torino :</subfield>
		<subfield code="b">tipogr. Cassone,</subfield>
		<subfield code="c">1839</subfield>
	</datafield>
	<datafield ind1=" " ind2=" " tag="300">
		<subfield code="a">30 p. ;</subfield>
		<subfield code="c">in-8°</subfield>
	</datafield>
	<datafield ind1=" " ind2=" " tag="336">
		<subfield code="b">txt</subfield>
		<subfield code="2">rdacontent</subfield>
	</datafield>
	<datafield ind1=" " ind2=" " tag="337">
		<subfield code="b">n</subfield>
		<subfield code="2">rdamedia</subfield>
	</datafield>
	<datafield ind1=" " ind2=" " tag="338">
		<subfield code="b">nc</subfield>
		<subfield code="2">rdacarrier</subfield>
	</datafield>
	<datafield ind1=" " ind2=" " tag="339">
		<subfield code="a">docmaintype_book</subfield>
		<subfield code="b">docsubtype_other_book</subfield>
	</datafield>
	<datafield ind1="4" ind2="1" tag="856">
		<subfield code="u">http://www.mdz-nbn-resolving.de/urn/resolver.pl?urn=urn:nbn:de:bvb:12-bsb10248057-2</subfield>
		<subfield code="z">kostenfrei</subfield>
	</datafield>
	<datafield ind1=" " ind2="1" tag="900">
		<subfield code="a">OCoLC</subfield>
		<subfield code="b">20150311</subfield>
		<subfield code="c">Droits réservés</subfield>
	</datafield>
	<datafield ind1=" " ind2=" " tag="900">
		<subfield code="a">swissbibnomerge</subfield>
	</datafield>
	<datafield ind1=" " ind2=" " tag="957">
		<subfield code="a">gevbge</subfield>
	</datafield>
</record>