

<record>
	<leader>01090ncm a2200361 a 4500</leader>
	<controlfield tag="001">REROILS:269</controlfield>
	<controlfield tag="003">RERO</controlfield>
	<controlfield tag="005">20200712120200.0</controlfield>
	<controlfield tag="008">970923s1997    sz |||||| ||||  |  |und d</controlfield>
	<datafield ind1="3" ind2="2" tag="028">
		<subfield code="a">WBM-004</subfield>
	</datafield>
	<datafield ind1="2" ind2="2" tag="028">
		<subfield code="a">JFB 04-97</subfield>
	</datafield>
	<datafield ind1=" " ind2=" " tag="035">
		<subfield code="a">R219133160</subfield>
	</datafield>
	<datafield ind1=" " ind2=" " tag="039">
		<subfield code="b">0021</subfield>
	</datafield>
	<datafield ind1=" " ind2="9" tag="039">
		<subfield code="a">202007121202</subfield>
		<subfield code="b">VLOAD</subfield>
		<subfield code="c">201807012119</subfield>
		<subfield code="d">VLOAD</subfield>
		<subfield code="c">201803071133</subfield>
		<subfield code="d">AUTHORITY</subfield>
		<subfield code="c">201707060130</subfield>
		<subfield code="d">VLOAD</subfield>
		<subfield code="y">1999030119180000</subfield>
		<subfield code="z">load</subfield>
	</datafield>
	<datafield ind1=" " ind2=" " tag="040">
		<subfield code="a">RERO frbcuc</subfield>
	</datafield>
	<datafield ind1=" " ind2=" " tag="044">
		<subfield code="a">sz</subfield>
		<subfield code="c">ch-fr</subfield>
	</datafield>
	<datafield ind1=" " ind2="7" tag="072">
		<subfield code="a">s1mu</subfield>
		<subfield code="2">rero</subfield>
	</datafield>
	<datafield ind1="0" ind2="0" tag="245">
		<subfield code="a">Go down Moses :</subfield>
		<subfield code="b">spiritual : for wind band /</subfield>
		<subfield code="c">Jean-François Michel</subfield>
	</datafield>
	<datafield ind1=" " ind2="1" tag="264">
		<subfield code="a">Praroman :</subfield>
		<subfield code="b">WoodBrass Music,</subfield>
		<subfield code="c">[1997]</subfield>
	</datafield>
	<datafield ind1=" " ind2="4" tag="264">
		<subfield code="c">© 1997</subfield>
	</datafield>
	<datafield ind1=" " ind2=" " tag="300">
		<subfield code="a">1 partition (13 p.) ;</subfield>
		<subfield code="c">30 cm +</subfield>
		<subfield code="e">1 matériel d'orchestre</subfield>
	</datafield>
	<datafield ind1=" " ind2=" " tag="336">
		<subfield code="b">ntm</subfield>
		<subfield code="2">rdacontent</subfield>
	</datafield>
	<datafield ind1=" " ind2=" " tag="337">
		<subfield code="b">n</subfield>
		<subfield code="2">rdamedia</subfield>
	</datafield>
	<datafield ind1=" " ind2=" " tag="338">
		<subfield code="b">nc</subfield>
		<subfield code="2">rdacarrier</subfield>
	</datafield>
	<datafield ind1=" " ind2=" " tag="339">
		<subfield code="a">docmaintype_score</subfield>
		<subfield code="b">docsubtype_printed_score</subfield>
	</datafield>
	<datafield ind1="1" ind2=" " tag="700">
		<subfield code="a">Michel, Jean-François,</subfield>
		<subfield code="d">1957-</subfield>
	</datafield>
	<datafield ind1="0" ind2=" " tag="730">
		<subfield code="a">Go down Moses.</subfield>
		<subfield code="m">Orchestre à cordes</subfield>
	</datafield>
	<datafield ind1=" " ind2=" " tag="900">
		<subfield code="a">noselfmerge</subfield>
	</datafield>
	<datafield ind1=" " ind2=" " tag="901">
		<subfield code="a">bfr1997</subfield>
	</datafield>
	<datafield ind1=" " ind2=" " tag="901">
		<subfield code="a">bfrc2</subfield>
	</datafield>
	<datafield ind1=" " ind2=" " tag="901">
		<subfield code="a">frautfr</subfield>
	</datafield>
	<datafield ind1=" " ind2=" " tag="956">
		<subfield code="a">frbcuc</subfield>
	</datafield>
	<datafield ind1=" " ind2=" " tag="981">
		<subfield code="2">BF</subfield>
		<subfield code="a">7.90.94.Michel, Jean-François (partitions)</subfield>
	</datafield>
</record>