

<record>
	<leader>01617cam a2200421 a 4500</leader>
	<controlfield tag="001">REROILS:24</controlfield>
	<controlfield tag="003">RERO</controlfield>
	<controlfield tag="005">20201019111500.0</controlfield>
	<controlfield tag="008">110617s2006    bl ||| |  ||||00|  |por d</controlfield>
	<datafield ind1=" " ind2=" " tag="020">
		<subfield code="a">9788589692069</subfield>
	</datafield>
	<datafield ind1=" " ind2=" " tag="035">
		<subfield code="a">R006078425</subfield>
	</datafield>
	<datafield ind1=" " ind2="7" tag="039">
		<subfield code="b">6303</subfield>
	</datafield>
	<datafield ind1=" " ind2="9" tag="039">
		<subfield code="a">202010191115</subfield>
		<subfield code="b">AUTHORITY</subfield>
		<subfield code="c">202010060052</subfield>
		<subfield code="d">VLOAD</subfield>
		<subfield code="c">201711260748</subfield>
		<subfield code="d">VLOAD</subfield>
		<subfield code="c">201709280927</subfield>
		<subfield code="d">6308</subfield>
		<subfield code="y">201106171022</subfield>
		<subfield code="z">6304</subfield>
	</datafield>
	<datafield ind1=" " ind2=" " tag="040">
		<subfield code="a">DLC</subfield>
		<subfield code="d">RERO gevcjb</subfield>
	</datafield>
	<datafield ind1=" " ind2="7" tag="072">
		<subfield code="a">s1bo</subfield>
		<subfield code="2">rero</subfield>
	</datafield>
	<datafield ind1="0" ind2="0" tag="245">
		<subfield code="a">Diversidade e caracterização das fanerógamas do semi-árido brasileiro /</subfield>
		<subfield code="c">ed. do volume, Ana Maria Giulietti, Abel Conceição, Luciano Paganucci de Queiroz</subfield>
	</datafield>
	<datafield ind1=" " ind2="1" tag="264">
		<subfield code="a">Recife :</subfield>
		<subfield code="b">Instituto do Milênio do Semi Árido,</subfield>
		<subfield code="c">2006</subfield>
	</datafield>
	<datafield ind1=" " ind2=" " tag="300">
		<subfield code="a">488 p. :</subfield>
		<subfield code="b">ill.</subfield>
	</datafield>
	<datafield ind1=" " ind2=" " tag="336">
		<subfield code="b">txt</subfield>
		<subfield code="2">rdacontent</subfield>
	</datafield>
	<datafield ind1=" " ind2=" " tag="337">
		<subfield code="b">n</subfield>
		<subfield code="2">rdamedia</subfield>
	</datafield>
	<datafield ind1=" " ind2=" " tag="338">
		<subfield code="b">nc</subfield>
		<subfield code="2">rdacarrier</subfield>
	</datafield>
	<datafield ind1=" " ind2=" " tag="339">
		<subfield code="a">docmaintype_book</subfield>
		<subfield code="b">docsubtype_other_book</subfield>
	</datafield>
	<datafield ind1="1" ind2=" " tag="490">
		<subfield code="a">O Instituto do Milênio do Semi Árido (IMSEAR), Brasil (2002-2006)</subfield>
		<subfield code="v">vol. 1</subfield>
	</datafield>
	<datafield ind1=" " ind2="7" tag="650">
		<subfield code="a">Phanérogames</subfield>
		<subfield code="2">rero</subfield>
	</datafield>
	<datafield ind1=" " ind2="7" tag="651">
		<subfield code="a">Brésil - nord-est</subfield>
		<subfield code="2">rero</subfield>
	</datafield>
	<datafield ind1=" " ind2="7" tag="651">
		<subfield code="a">Régions arides</subfield>
		<subfield code="2">rero</subfield>
	</datafield>
	<datafield ind1=" " ind2="7" tag="655">
		<subfield code="a">[flore]</subfield>
		<subfield code="2">rerovoc</subfield>
	</datafield>
	<datafield ind1="1" ind2=" " tag="700">
		<subfield code="a">Giulietti, Ana Maria</subfield>
		<subfield code="0">(IDREF)10378747X</subfield>
	</datafield>
	<datafield ind1="2" ind2=" " tag="710">
		<subfield code="a">Associação Plantas do Nordeste</subfield>
	</datafield>
	<datafield ind1="2" ind2=" " tag="710">
		<subfield code="a">Conselho nacional de desenvolvimento cientifico e technologico (Brasil)</subfield>
		<subfield code="0">(IDREF)030920892</subfield>
	</datafield>
	<datafield ind1=" " ind2="2" tag="830">
		<subfield code="a">O Instituto do Milênio do Semi Árido (IMSEAR), Brasil (2002-2006)</subfield>
		<subfield code="v">1</subfield>
		<subfield code="w">REROILS:2000045</subfield>
	</datafield>
	<datafield ind1=" " ind2="1" tag="900">
		<subfield code="a">LOC</subfield>
		<subfield code="b">20110617</subfield>
		<subfield code="c">Droits réservés</subfield>
	</datafield>
	<datafield ind1=" " ind2=" " tag="900">
		<subfield code="a">noselfmerge</subfield>
	</datafield>
	<datafield ind1=" " ind2=" " tag="902">
		<subfield code="a">gevcjb</subfield>
		<subfield code="b">2011/10</subfield>
	</datafield>
	<datafield ind1=" " ind2=" " tag="919">
		<subfield code="9">650 _7</subfield>
		<subfield code="a">spermatophyte</subfield>
		<subfield code="x">zone semi-aride</subfield>
		<subfield code="z">Brésil - nord-est</subfield>
		<subfield code="v">[flore]</subfield>
		<subfield code="2">chrero</subfield>
	</datafield>
	<datafield ind1=" " ind2=" " tag="957">
		<subfield code="a">gevcjb</subfield>
	</datafield>
	<datafield ind1=" " ind2=" " tag="982">
		<subfield code="2">cdu-gevcjb</subfield>
		<subfield code="a">F (81) Giu</subfield>
	</datafield>
	<datafield ind1=" " ind2=" " tag="992">
		<subfield code="a">BOTA 39364</subfield>
		<subfield code="x">ge/vcjb/a/11/190328-20</subfield>
	</datafield>
</record>