

<record>
	<leader>01266naa a2200349 a 4500</leader>
	<controlfield tag="001">REROILS:163</controlfield>
	<controlfield tag="003">RERO</controlfield>
	<controlfield tag="005">20180703165900.0</controlfield>
	<controlfield tag="008">000922s1927    sz |||||| ||||00|  |fre d</controlfield>
	<datafield ind1=" " ind2=" " tag="035">
		<subfield code="a">R272002960</subfield>
	</datafield>
	<datafield ind1=" " ind2=" " tag="039">
		<subfield code="b">8207</subfield>
	</datafield>
	<datafield ind1=" " ind2="9" tag="039">
		<subfield code="a">201807031659</subfield>
		<subfield code="b">VLOAD</subfield>
		<subfield code="c">201705181249</subfield>
		<subfield code="d">VLOAD</subfield>
		<subfield code="c">201704011525</subfield>
		<subfield code="d">VLOAD</subfield>
		<subfield code="c">201412152130</subfield>
		<subfield code="d">VLOAD</subfield>
		<subfield code="y">200009222340</subfield>
		<subfield code="z">VLOAD</subfield>
	</datafield>
	<datafield ind1=" " ind2=" " tag="040">
		<subfield code="a">RERO labcur</subfield>
	</datafield>
	<datafield ind1=" " ind2=" " tag="044">
		<subfield code="a">sz</subfield>
		<subfield code="c">ch-vd</subfield>
	</datafield>
	<datafield ind1=" " ind2="7" tag="072">
		<subfield code="a">s1dr</subfield>
		<subfield code="2">rero</subfield>
	</datafield>
	<datafield ind1="1" ind2=" " tag="100">
		<subfield code="a">Scott, James Brown</subfield>
		<subfield code="4">cre</subfield>
		<subfield code="0">(IDREF)03176214X</subfield>
	</datafield>
	<datafield ind1="1" ind2="2" tag="245">
		<subfield code="a">L'Universalité du droit des gens /</subfield>
		<subfield code="c">par James Brown Scott</subfield>
	</datafield>
	<datafield ind1=" " ind2="1" tag="264">
		<subfield code="a">Lausanne :</subfield>
		<subfield code="b">Impr. de la Société suisse de publicité,</subfield>
		<subfield code="c">1927</subfield>
	</datafield>
	<datafield ind1=" " ind2=" " tag="300">
		<subfield code="a">24 p. ;</subfield>
		<subfield code="c">22 cm</subfield>
	</datafield>
	<datafield ind1=" " ind2=" " tag="336">
		<subfield code="b">txt</subfield>
		<subfield code="2">rdacontent</subfield>
	</datafield>
	<datafield ind1=" " ind2=" " tag="337">
		<subfield code="b">n</subfield>
		<subfield code="2">rdamedia</subfield>
	</datafield>
	<datafield ind1=" " ind2=" " tag="338">
		<subfield code="b">nc</subfield>
		<subfield code="2">rdacarrier</subfield>
	</datafield>
	<datafield ind1=" " ind2=" " tag="339">
		<subfield code="a">docmaintype_article</subfield>
	</datafield>
	<datafield ind1=" " ind2=" " tag="500">
		<subfield code="a">Discours prononcé à la séance solennelle d'ouverture de l'Institut de droit international, à Lausanne, le 24 août 1927</subfield>
	</datafield>
	<datafield ind1=" " ind2=" " tag="500">
		<subfield code="a">En tête du titre: Institut de droit international</subfield>
	</datafield>
	<datafield ind1=" " ind2=" " tag="900">
		<subfield code="a">noselfmerge</subfield>
	</datafield>
	<datafield ind1=" " ind2=" " tag="903">
		<subfield code="a">nwisdc</subfield>
		<subfield code="b">1412</subfield>
	</datafield>
	<datafield ind1=" " ind2=" " tag="903">
		<subfield code="a">donisdc</subfield>
		<subfield code="b">1412</subfield>
	</datafield>
	<datafield ind1=" " ind2=" " tag="953">
		<subfield code="a">ifisdc</subfield>
	</datafield>
	<datafield ind1=" " ind2=" " tag="980">
		<subfield code="2">dr-sys</subfield>
		<subfield code="a">D 13 h</subfield>
	</datafield>
	<datafield ind1=" " ind2=" " tag="983">
		<subfield code="2">isdc</subfield>
		<subfield code="a">D 13 h SCOT 1927</subfield>
	</datafield>
</record>