

<record>
	<leader>01597cam a2200349 a 4500</leader>
	<controlfield tag="001">REROILS:197</controlfield>
	<controlfield tag="003">RERO</controlfield>
	<controlfield tag="005">20170518100400.0</controlfield>
	<controlfield tag="008">000914s1997    fr |||||| ||||00|  |fre d</controlfield>
	<datafield ind1=" " ind2=" " tag="020">
		<subfield code="a">9782031060505</subfield>
	</datafield>
	<datafield ind1="7" ind2=" " tag="024">
		<subfield code="a">http://catalogue.bnf.fr/ark:/12148/cb37547189k</subfield>
		<subfield code="2">uri</subfield>
	</datafield>
	<datafield ind1=" " ind2=" " tag="035">
		<subfield code="a">R265822460</subfield>
	</datafield>
	<datafield ind1=" " ind2=" " tag="039">
		<subfield code="b">7380</subfield>
	</datafield>
	<datafield ind1=" " ind2="9" tag="039">
		<subfield code="a">201705181004</subfield>
		<subfield code="b">VLOAD</subfield>
		<subfield code="c">201409171841</subfield>
		<subfield code="d">VLOAD</subfield>
		<subfield code="c">200812221311</subfield>
		<subfield code="d">VLOAD</subfield>
		<subfield code="y">200009141739</subfield>
		<subfield code="z">VLOAD</subfield>
	</datafield>
	<datafield ind1=" " ind2=" " tag="040">
		<subfield code="a">RERO geulru</subfield>
	</datafield>
	<datafield ind1=" " ind2="7" tag="072">
		<subfield code="a">s1ru</subfield>
		<subfield code="2">rero</subfield>
	</datafield>
	<datafield ind1="0" ind2="0" tag="245">
		<subfield code="a">Grand Larousse universel</subfield>
	</datafield>
	<datafield ind1="3" ind2=" " tag="246">
		<subfield code="a">Grand dictionnaire encyclopédique Larousse</subfield>
	</datafield>
	<datafield ind1=" " ind2="1" tag="264">
		<subfield code="a">Paris :</subfield>
		<subfield code="b">Larousse,</subfield>
		<subfield code="c">1997</subfield>
	</datafield>
	<datafield ind1=" " ind2=" " tag="300">
		<subfield code="a">15 vol. (XLVII, 11038 p.) :</subfield>
		<subfield code="b">ill. ;</subfield>
		<subfield code="c">29 cm</subfield>
	</datafield>
	<datafield ind1=" " ind2=" " tag="336">
		<subfield code="b">txt</subfield>
		<subfield code="2">rdacontent</subfield>
	</datafield>
	<datafield ind1=" " ind2=" " tag="337">
		<subfield code="b">n</subfield>
		<subfield code="2">rdamedia</subfield>
	</datafield>
	<datafield ind1=" " ind2=" " tag="338">
		<subfield code="b">nc</subfield>
		<subfield code="2">rdacarrier</subfield>
	</datafield>
	<datafield ind1=" " ind2=" " tag="339">
		<subfield code="a">docmaintype_book</subfield>
		<subfield code="b">docsubtype_other_book</subfield>
	</datafield>
	<datafield ind1=" " ind2=" " tag="500">
		<subfield code="a">Éd. hors commerce exclusivement réservée à la clientèle de Larousse Diffusion</subfield>
	</datafield>
	<datafield ind1=" " ind2=" " tag="500">
		<subfield code="a">La page de garde porte: Grand Larousse universel avec Actualia. Actualia, panorama du savoir actuel regroupe, en fin de volume, les articles, classés alphabétiquement, apportant les informations les plus récentes sur des sujets nouveaux ou sur des sujets déjà abordés dans le même volume. Pour ces derniers, l'existence d'une vignette noire placée en regard de l'entrée correspondante signale un complément d'information dans Actualia.</subfield>
	</datafield>
	<datafield ind1=" " ind2=" " tag="500">
		<subfield code="a">Avant-titre : Grand dictionnaire encyclopédique Larousse</subfield>
	</datafield>
	<datafield ind1=" " ind2=" " tag="900">
		<subfield code="a">noselfmerge</subfield>
	</datafield>
	<datafield ind1=" " ind2=" " tag="902">
		<subfield code="a">geulru</subfield>
		<subfield code="b">2000/02</subfield>
	</datafield>
	<datafield ind1=" " ind2=" " tag="957">
		<subfield code="a">geulru</subfield>
	</datafield>
	<datafield ind1=" " ind2=" " tag="982">
		<subfield code="2">ge-ulru</subfield>
		<subfield code="a">8C glu/act</subfield>
	</datafield>
	<datafield ind1=" " ind2=" " tag="992">
		<subfield code="a">BFLB 19191</subfield>
		<subfield code="x">ge/ulru/a/2000/62</subfield>
	</datafield>
</record>