

<record>
	<leader>00641nas a2200241 a 4500</leader>
	<controlfield tag="001">REROILS:164</controlfield>
	<controlfield tag="003">RERO</controlfield>
	<controlfield tag="005">20170518092400.0</controlfield>
	<controlfield tag="008">980327d19531968it |||m|| ||||0 || 0ita d</controlfield>
	<datafield ind1=" " ind2=" " tag="035">
		<subfield code="a">R228004060</subfield>
	</datafield>
	<datafield ind1=" " ind2=" " tag="039">
		<subfield code="b">0007</subfield>
	</datafield>
	<datafield ind1=" " ind2="9" tag="039">
		<subfield code="a">201705180924</subfield>
		<subfield code="b">VLOAD</subfield>
		<subfield code="c">200605280352</subfield>
		<subfield code="d">VLOAD</subfield>
		<subfield code="y">1999030121370000</subfield>
		<subfield code="z">load</subfield>
	</datafield>
	<datafield ind1=" " ind2=" " tag="040">
		<subfield code="a">RERO frbcuc</subfield>
	</datafield>
	<datafield ind1="0" ind2=" " tag="130">
		<subfield code="a">Tempi e figure.</subfield>
		<subfield code="f">1953-1968</subfield>
	</datafield>
	<datafield ind1="1" ind2="0" tag="245">
		<subfield code="a">Tempi e figure</subfield>
	</datafield>
	<datafield ind1=" " ind2="1" tag="264">
		<subfield code="a">Cinisello Balsamo (Milano) :</subfield>
		<subfield code="b">San Paolo,</subfield>
		<subfield code="c">1953-1968</subfield>
	</datafield>
	<datafield ind1=" " ind2=" " tag="300">
		<subfield code="c">22 cm</subfield>
	</datafield>
	<datafield ind1=" " ind2=" " tag="336">
		<subfield code="b">txt</subfield>
		<subfield code="2">rdacontent</subfield>
	</datafield>
	<datafield ind1=" " ind2=" " tag="337">
		<subfield code="b">n</subfield>
		<subfield code="2">rdamedia</subfield>
	</datafield>
	<datafield ind1=" " ind2=" " tag="338">
		<subfield code="b">nc</subfield>
		<subfield code="2">rdacarrier</subfield>
	</datafield>
	<datafield ind1=" " ind2=" " tag="339">
		<subfield code="a">docmaintype_series</subfield>
	</datafield>
	<datafield ind1=" " ind2=" " tag="900">
		<subfield code="a">noselfmerge</subfield>
	</datafield>
	<datafield ind1=" " ind2=" " tag="900">
		<subfield code="a">reroslsp</subfield>
	</datafield>
</record>