

<record>
	<leader>01176nam a2200361 a 4500</leader>
	<controlfield tag="001">REROILS:80</controlfield>
	<controlfield tag="003">RERO</controlfield>
	<controlfield tag="005">20180828112900.0</controlfield>
	<controlfield tag="008">000915s1998    at ||| |  ||||00|  |eng d</controlfield>
	<datafield ind1=" " ind2=" " tag="020">
		<subfield code="a">9780949324788</subfield>
	</datafield>
	<datafield ind1=" " ind2=" " tag="035">
		<subfield code="a">R267652960</subfield>
	</datafield>
	<datafield ind1=" " ind2=" " tag="039">
		<subfield code="b">6304i</subfield>
	</datafield>
	<datafield ind1=" " ind2="9" tag="039">
		<subfield code="a">201808281129</subfield>
		<subfield code="b">VLOAD</subfield>
		<subfield code="c">201706111125</subfield>
		<subfield code="d">VLOAD</subfield>
		<subfield code="c">200812220529</subfield>
		<subfield code="d">VLOAD</subfield>
		<subfield code="c">200406160630</subfield>
		<subfield code="d">VLOAD</subfield>
		<subfield code="y">200009151649</subfield>
		<subfield code="z">VLOAD</subfield>
	</datafield>
	<datafield ind1=" " ind2=" " tag="040">
		<subfield code="a">RERO gevcjb</subfield>
	</datafield>
	<datafield ind1=" " ind2="7" tag="072">
		<subfield code="a">s1bo</subfield>
		<subfield code="2">rero</subfield>
	</datafield>
	<datafield ind1="1" ind2=" " tag="100">
		<subfield code="a">Burgman, Mark A</subfield>
		<subfield code="4">cre</subfield>
		<subfield code="0">(IDREF)085977047</subfield>
	</datafield>
	<datafield ind1="1" ind2="0" tag="245">
		<subfield code="a">Conservation biology for the Australian environment /</subfield>
		<subfield code="c">by Mark A. Burgman and David B. Lindenmayer ; with the ed. assistance of Claire Drill</subfield>
	</datafield>
	<datafield ind1=" " ind2="1" tag="264">
		<subfield code="a">Chipping Norton :</subfield>
		<subfield code="b">Surrey Beatty,</subfield>
		<subfield code="c">1998</subfield>
	</datafield>
	<datafield ind1=" " ind2=" " tag="300">
		<subfield code="a">X, 380 p. :</subfield>
		<subfield code="b">ill. ;</subfield>
		<subfield code="c">30 cm</subfield>
	</datafield>
	<datafield ind1=" " ind2=" " tag="336">
		<subfield code="b">txt</subfield>
		<subfield code="2">rdacontent</subfield>
	</datafield>
	<datafield ind1=" " ind2=" " tag="337">
		<subfield code="b">n</subfield>
		<subfield code="2">rdamedia</subfield>
	</datafield>
	<datafield ind1=" " ind2=" " tag="338">
		<subfield code="b">nc</subfield>
		<subfield code="2">rdacarrier</subfield>
	</datafield>
	<datafield ind1=" " ind2=" " tag="339">
		<subfield code="a">docmaintype_book</subfield>
		<subfield code="b">docsubtype_other_book</subfield>
	</datafield>
	<datafield ind1=" " ind2="7" tag="650">
		<subfield code="a">Nature</subfield>
		<subfield code="2">rero</subfield>
	</datafield>
	<datafield ind1=" " ind2="7" tag="650">
		<subfield code="a">Protection</subfield>
		<subfield code="2">rero</subfield>
	</datafield>
	<datafield ind1=" " ind2="7" tag="651">
		<subfield code="a">Australie</subfield>
		<subfield code="2">rero</subfield>
		<subfield code="0">(IDREF)027220443</subfield>
	</datafield>
	<datafield ind1="1" ind2=" " tag="700">
		<subfield code="a">Lindenmayer, David B</subfield>
	</datafield>
	<datafield ind1=" " ind2=" " tag="900">
		<subfield code="a">noselfmerge</subfield>
	</datafield>
	<datafield ind1=" " ind2=" " tag="902">
		<subfield code="a">gevcjb</subfield>
		<subfield code="b">2000/04</subfield>
	</datafield>
	<datafield ind1=" " ind2=" " tag="919">
		<subfield code="9">650 _7</subfield>
		<subfield code="a">nature - protection</subfield>
		<subfield code="z">Australie</subfield>
		<subfield code="2">chrero</subfield>
	</datafield>
	<datafield ind1=" " ind2=" " tag="957">
		<subfield code="a">gevcjb</subfield>
	</datafield>
	<datafield ind1=" " ind2=" " tag="982">
		<subfield code="2">cdu-gevcjb</subfield>
		<subfield code="a">502.7 (94) Bur</subfield>
	</datafield>
	<datafield ind1=" " ind2=" " tag="992">
		<subfield code="a">BOTA 11882</subfield>
		<subfield code="x">ge/vcjb/a/00/155</subfield>
	</datafield>
</record>