

<record>
	<leader>01427nam a2200397 a 4500</leader>
	<controlfield tag="001">REROILS:196</controlfield>
	<controlfield tag="003">RERO</controlfield>
	<controlfield tag="005">20200213171800.0</controlfield>
	<controlfield tag="008">960104s1995    fr |||||| ||||00|| |ara d</controlfield>
	<datafield ind1=" " ind2=" " tag="020">
		<subfield code="a">9789981953154</subfield>
	</datafield>
	<datafield ind1=" " ind2=" " tag="035">
		<subfield code="a">2129662</subfield>
	</datafield>
	<datafield ind1=" " ind2="9" tag="039">
		<subfield code="a">202002131718</subfield>
		<subfield code="b">AUTHORITY</subfield>
		<subfield code="c">202001241401</subfield>
		<subfield code="d">VLOAD</subfield>
		<subfield code="c">201808272103</subfield>
		<subfield code="d">VLOAD</subfield>
		<subfield code="c">201706101316</subfield>
		<subfield code="d">VLOAD</subfield>
		<subfield code="y">1999030113070000</subfield>
		<subfield code="z">load</subfield>
	</datafield>
	<datafield ind1=" " ind2=" " tag="040">
		<subfield code="a">RERO geueti</subfield>
	</datafield>
	<datafield ind1=" " ind2="7" tag="072">
		<subfield code="a">s1lg</subfield>
		<subfield code="2">rero</subfield>
	</datafield>
	<datafield ind1="1" ind2=" " tag="100">
		<subfield code="a">Bohas, Georges,</subfield>
		<subfield code="d">1946-</subfield>
		<subfield code="4">cre</subfield>
		<subfield code="0">(IDREF)028315545</subfield>
	</datafield>
	<datafield ind1="1" ind2="0" tag="245">
		<subfield code="6">880-01</subfield>
		<subfield code="a">Fī iktisāb asālīb al-inshāʾ /</subfield>
		<subfield code="c">Georges Bohas</subfield>
	</datafield>
	<datafield ind1="3" ind2=" " tag="246">
		<subfield code="a">Rédiger en arabe</subfield>
	</datafield>
	<datafield ind1="3" ind2=" " tag="246">
		<subfield code="a">Fī i-ktisābi ʾasā lībi al- ʾin šā / Georges Bohas</subfield>
	</datafield>
	<datafield ind1=" " ind2="1" tag="264">
		<subfield code="a">Paris :</subfield>
		<subfield code="b">Faiza el Qasem :</subfield>
		<subfield code="b">Georges Bohas,</subfield>
		<subfield code="c">1995</subfield>
	</datafield>
	<datafield ind1=" " ind2=" " tag="300">
		<subfield code="a">136 p. 22 cm</subfield>
	</datafield>
	<datafield ind1=" " ind2=" " tag="336">
		<subfield code="b">txt</subfield>
		<subfield code="2">rdacontent</subfield>
	</datafield>
	<datafield ind1=" " ind2=" " tag="337">
		<subfield code="b">n</subfield>
		<subfield code="2">rdamedia</subfield>
	</datafield>
	<datafield ind1=" " ind2=" " tag="338">
		<subfield code="b">nc</subfield>
		<subfield code="2">rdacarrier</subfield>
	</datafield>
	<datafield ind1=" " ind2=" " tag="339">
		<subfield code="a">docmaintype_book</subfield>
		<subfield code="b">docsubtype_other_book</subfield>
	</datafield>
	<datafield ind1=" " ind2=" " tag="500">
		<subfield code="a">Titre en français: Rédiger en arabe</subfield>
	</datafield>
	<datafield ind1=" " ind2="7" tag="650">
		<subfield code="a">Arabe (langue)</subfield>
		<subfield code="2">rero</subfield>
	</datafield>
	<datafield ind1=" " ind2="7" tag="650">
		<subfield code="a">Rédaction</subfield>
		<subfield code="2">rero</subfield>
	</datafield>
	<datafield ind1=" " ind2="7" tag="655">
		<subfield code="a">[Manuels d'enseignement]</subfield>
		<subfield code="2">rero</subfield>
	</datafield>
	<datafield ind1="1" ind2="0" tag="880">
		<subfield code="6">245-01/(3/r</subfield>
		<subfield code="a">في اكتساب أساليب الإنشاء /</subfield>
		<subfield code="c">Georges Bohas</subfield>
	</datafield>
	<datafield ind1=" " ind2=" " tag="900">
		<subfield code="a">noselfmerge</subfield>
	</datafield>
	<datafield ind1=" " ind2=" " tag="919">
		<subfield code="9">650 _7</subfield>
		<subfield code="a">arabe (langue)</subfield>
		<subfield code="x">rédaction</subfield>
		<subfield code="v">[manuel]</subfield>
		<subfield code="2">chrero</subfield>
	</datafield>
	<datafield ind1=" " ind2=" " tag="957">
		<subfield code="a">geueti</subfield>
	</datafield>
	<datafield ind1=" " ind2=" " tag="982">
		<subfield code="2">eti1</subfield>
		<subfield code="a">808</subfield>
	</datafield>
	<datafield ind1=" " ind2=" " tag="982">
		<subfield code="2">eti2</subfield>
		<subfield code="a">808 BOH</subfield>
	</datafield>
	<datafield ind1=" " ind2=" " tag="992">
		<subfield code="a">ETIA 11876</subfield>
		<subfield code="x">ge/ueti/a/23023</subfield>
	</datafield>
</record>