

<record>
	<leader>02458cas a2200589 a 4500</leader>
	<controlfield tag="001">REROILS:11</controlfield>
	<controlfield tag="003">RERO</controlfield>
	<controlfield tag="005">20200712141000.0</controlfield>
	<controlfield tag="008">000717c19579999sz |||p|| ||||0 || 0ger d</controlfield>
	<datafield ind1=" " ind2=" " tag="022">
		<subfield code="a">0026-4385</subfield>
	</datafield>
	<datafield ind1=" " ind2=" " tag="035">
		<subfield code="a">0866187</subfield>
	</datafield>
	<datafield ind1=" " ind2="9" tag="039">
		<subfield code="a">202007121410</subfield>
		<subfield code="b">VLOAD</subfield>
		<subfield code="c">201907051317</subfield>
		<subfield code="d">VLOAD</subfield>
		<subfield code="c">201811162228</subfield>
		<subfield code="d">VLOAD</subfield>
		<subfield code="c">201807011747</subfield>
		<subfield code="d">VLOAD</subfield>
		<subfield code="y">1999022806130000</subfield>
		<subfield code="z">load</subfield>
	</datafield>
	<datafield ind1=" " ind2=" " tag="040">
		<subfield code="a">RERO labcur</subfield>
	</datafield>
	<datafield ind1="0" ind2=" " tag="041">
		<subfield code="a">ger</subfield>
		<subfield code="a">fre</subfield>
		<subfield code="a">ita</subfield>
	</datafield>
	<datafield ind1=" " ind2=" " tag="044">
		<subfield code="a">sz</subfield>
		<subfield code="c">ch-lu</subfield>
	</datafield>
	<datafield ind1=" " ind2="7" tag="072">
		<subfield code="a">s1td</subfield>
		<subfield code="2">rero</subfield>
	</datafield>
	<datafield ind1="0" ind2="0" tag="245">
		<subfield code="a">Mimos :</subfield>
		<subfield code="b">Zeitschrift der Schweizerischen Gesellschaft für Theaterkultur = bulletin de la Société suisse du théâtre = bollettino della Società svizzera di studi teatrali</subfield>
	</datafield>
	<datafield ind1=" " ind2="1" tag="264">
		<subfield code="a">Willisau [etc.] :</subfield>
		<subfield code="b">Theaterkultur-Verlag</subfield>
	</datafield>
	<datafield ind1=" " ind2=" " tag="300">
		<subfield code="c">30 cm [puis] 24 cm</subfield>
	</datafield>
	<datafield ind1=" " ind2=" " tag="310">
		<subfield code="a">Annuel,</subfield>
		<subfield code="b">2011-</subfield>
	</datafield>
	<datafield ind1=" " ind2=" " tag="321">
		<subfield code="a">4x/an,</subfield>
		<subfield code="b">1992-2010</subfield>
	</datafield>
	<datafield ind1=" " ind2=" " tag="321">
		<subfield code="a">2x/an,</subfield>
		<subfield code="b">1967-1991</subfield>
	</datafield>
	<datafield ind1=" " ind2=" " tag="321">
		<subfield code="a">4x/an,</subfield>
		<subfield code="b">1957-1966</subfield>
	</datafield>
	<datafield ind1=" " ind2=" " tag="336">
		<subfield code="b">txt</subfield>
		<subfield code="2">rdacontent</subfield>
	</datafield>
	<datafield ind1=" " ind2=" " tag="337">
		<subfield code="b">n</subfield>
		<subfield code="2">rdamedia</subfield>
	</datafield>
	<datafield ind1=" " ind2=" " tag="338">
		<subfield code="b">nc</subfield>
		<subfield code="2">rdacarrier</subfield>
	</datafield>
	<datafield ind1=" " ind2=" " tag="339">
		<subfield code="a">docmaintype_serial</subfield>
	</datafield>
	<datafield ind1="0" ind2=" " tag="362">
		<subfield code="a">Jg. 9(1957)-Jg. 62(2010) ; 73(2011)-</subfield>
	</datafield>
	<datafield ind1=" " ind2=" " tag="500">
		<subfield code="a">Les fascicules suivants ne sont pas parus: Jg. 56(2004), H. 3-4 ; Jg. 57(2005) ; Jg. 58(2006), H. 3-4</subfield>
	</datafield>
	<datafield ind1=" " ind2=" " tag="500">
		<subfield code="a">Dès 2011, reprend la numérotation du Schweizer Theaterjahrbuch</subfield>
	</datafield>
	<datafield ind1=" " ind2=" " tag="580">
		<subfield code="a">Fait suite à: Mitteilungen der Schweizerischen Gesellschaft für Theaterkultur</subfield>
	</datafield>
	<datafield ind1=" " ind2=" " tag="580">
		<subfield code="a">Suppl. de: Schweizerische Theaterzeitung. Puis de: Schweizer Theater Zeitung</subfield>
	</datafield>
	<datafield ind1=" " ind2=" " tag="580">
		<subfield code="a">Absorbe: Schweizer Theaterjahrbuch</subfield>
	</datafield>
	<datafield ind1=" " ind2="7" tag="650">
		<subfield code="a">Théâtre</subfield>
		<subfield code="2">rero</subfield>
	</datafield>
	<datafield ind1=" " ind2="7" tag="651">
		<subfield code="a">Suisse</subfield>
		<subfield code="2">rero</subfield>
		<subfield code="0">(IDREF)027249654</subfield>
	</datafield>
	<datafield ind1=" " ind2="7" tag="655">
		<subfield code="a">[Périodiques]</subfield>
		<subfield code="2">rero</subfield>
	</datafield>
	<datafield ind1="2" ind2=" " tag="710">
		<subfield code="a">Société suisse du théâtre</subfield>
		<subfield code="0">(IDREF)029033616</subfield>
	</datafield>
	<datafield ind1="1" ind2=" " tag="772">
		<subfield code="t">Schweizerische Theaterzeitung</subfield>
	</datafield>
	<datafield ind1="1" ind2=" " tag="772">
		<subfield code="t">Schweizer Theater Zeitung</subfield>
	</datafield>
	<datafield ind1="1" ind2="0" tag="780">
		<subfield code="t">Mitteilungen der Schweizerischen Gesellschaft für Theaterkultur</subfield>
	</datafield>
	<datafield ind1="1" ind2="0" tag="780">
		<subfield code="t">Schweizer Theaterjahrbuch</subfield>
		<subfield code="w">REROILS:2000051</subfield>
	</datafield>
	<datafield ind1=" " ind2=" " tag="900">
		<subfield code="a">noselfmerge</subfield>
	</datafield>
	<datafield ind1=" " ind2=" " tag="902">
		<subfield code="a">baap</subfield>
	</datafield>
	<datafield ind1=" " ind2=" " tag="902">
		<subfield code="a">gevbaa</subfield>
		<subfield code="b">2014/02</subfield>
		<subfield code="c">801</subfield>
	</datafield>
	<datafield ind1=" " ind2=" " tag="919">
		<subfield code="9">650 _7</subfield>
		<subfield code="a">théâtre</subfield>
		<subfield code="z">Suisse</subfield>
		<subfield code="v">[périodique]</subfield>
		<subfield code="2">chrero</subfield>
	</datafield>
	<datafield ind1=" " ind2=" " tag="956">
		<subfield code="a">frbcuc</subfield>
	</datafield>
	<datafield ind1=" " ind2=" " tag="957">
		<subfield code="a">geudbu gevbaa</subfield>
	</datafield>
	<datafield ind1=" " ind2=" " tag="962">
		<subfield code="a">nebpun neubfl</subfield>
	</datafield>
	<datafield ind1=" " ind2=" " tag="973">
		<subfield code="a">vsbcvs</subfield>
	</datafield>
	<datafield ind1=" " ind2=" " tag="992">
		<subfield code="a">FLZ 2179</subfield>
		<subfield code="x">ge/ulfr/a/flz 2179</subfield>
	</datafield>
	<datafield ind1=" " ind2=" " tag="994">
		<subfield code="a">NP PU 1399</subfield>
		<subfield code="x">ne/bpun/d Jg. 35(1983)-&gt; [Les 2 dern. nos au Cabinet des périod., case 7.21.]</subfield>
	</datafield>
</record>