

<record>
	<leader>01934cam a2200469 a 4500</leader>
	<controlfield tag="001">REROILS:213</controlfield>
	<controlfield tag="003">RERO</controlfield>
	<controlfield tag="005">20200821204500.0</controlfield>
	<controlfield tag="008">110616s2003    cc ||| |  ||||00|  |chi d</controlfield>
	<datafield ind1=" " ind2=" " tag="020">
		<subfield code="a">9787801651273</subfield>
	</datafield>
	<datafield ind1=" " ind2=" " tag="035">
		<subfield code="a">R006077325</subfield>
	</datafield>
	<datafield ind1=" " ind2="9" tag="039">
		<subfield code="a">202008212045</subfield>
		<subfield code="b">VLOAD</subfield>
		<subfield code="c">201909261703</subfield>
		<subfield code="d">VLOAD</subfield>
		<subfield code="c">201705301502</subfield>
		<subfield code="d">VLOAD</subfield>
		<subfield code="c">201502081155</subfield>
		<subfield code="d">VLOAD</subfield>
		<subfield code="y">201106161147</subfield>
		<subfield code="z">8702</subfield>
	</datafield>
	<datafield ind1=" " ind2=" " tag="040">
		<subfield code="a">HNK</subfield>
		<subfield code="d">DLC-R</subfield>
		<subfield code="d">DLC</subfield>
		<subfield code="d">RERO ifisdc</subfield>
	</datafield>
	<datafield ind1=" " ind2="0" tag="050">
		<subfield code="a">HD926</subfield>
		<subfield code="b">.Y358 2003</subfield>
	</datafield>
	<datafield ind1=" " ind2="7" tag="072">
		<subfield code="a">s1dr</subfield>
		<subfield code="2">rero</subfield>
	</datafield>
	<datafield ind1="1" ind2=" " tag="100">
		<subfield code="6">880-01</subfield>
		<subfield code="a">Yang, Yijie</subfield>
		<subfield code="4">cre</subfield>
	</datafield>
	<datafield ind1="1" ind2="0" tag="245">
		<subfield code="6">880-02</subfield>
		<subfield code="a">Zhongguo nong di quan ji ben wen ti :</subfield>
		<subfield code="b">Zhongguo ji ti nong di quan li ti xi de xing cheng yu kuo zhan /</subfield>
		<subfield code="c">Yang Yijie zhu</subfield>
	</datafield>
	<datafield ind1="3" ind2=" " tag="246">
		<subfield code="a">Zhongguo nongdiquan jiben wenti : Zhongguo jiti nongdi quanli tixi de xingcheng yu kuozhan</subfield>
	</datafield>
	<datafield ind1=" " ind2=" " tag="250">
		<subfield code="6">880-03</subfield>
		<subfield code="a">Di 1 ban</subfield>
	</datafield>
	<datafield ind1=" " ind2="1" tag="264">
		<subfield code="6">880-04</subfield>
		<subfield code="a">Beijing Shi :</subfield>
		<subfield code="b">Zhongguo hai guan chu ban she,</subfield>
		<subfield code="c">2003</subfield>
	</datafield>
	<datafield ind1=" " ind2=" " tag="300">
		<subfield code="a">4, 198 p. ;</subfield>
		<subfield code="c">22 cm.</subfield>
	</datafield>
	<datafield ind1=" " ind2=" " tag="336">
		<subfield code="b">txt</subfield>
		<subfield code="2">rdacontent</subfield>
	</datafield>
	<datafield ind1=" " ind2=" " tag="337">
		<subfield code="b">n</subfield>
		<subfield code="2">rdamedia</subfield>
	</datafield>
	<datafield ind1=" " ind2=" " tag="338">
		<subfield code="b">nc</subfield>
		<subfield code="2">rdacarrier</subfield>
	</datafield>
	<datafield ind1=" " ind2=" " tag="339">
		<subfield code="a">docmaintype_book</subfield>
		<subfield code="b">docsubtype_other_book</subfield>
	</datafield>
	<datafield ind1=" " ind2=" " tag="500">
		<subfield code="a">Revision of the author's thesis (doctoral)</subfield>
	</datafield>
	<datafield ind1=" " ind2=" " tag="504">
		<subfield code="a">Includes bibliographical references.</subfield>
	</datafield>
	<datafield ind1=" " ind2="0" tag="650">
		<subfield code="a">Collectivization of agriculture</subfield>
		<subfield code="z">China</subfield>
	</datafield>
	<datafield ind1=" " ind2="0" tag="650">
		<subfield code="a">Land reform</subfield>
		<subfield code="z">China</subfield>
	</datafield>
	<datafield ind1=" " ind2="0" tag="650">
		<subfield code="a">Land tenure</subfield>
		<subfield code="z">China</subfield>
	</datafield>
	<datafield ind1=" " ind2="0" tag="650">
		<subfield code="a">Land use, Rural</subfield>
		<subfield code="x">Law and legislation</subfield>
		<subfield code="z">China</subfield>
	</datafield>
	<datafield ind1=" " ind2=" " tag="880">
		<subfield code="6">250-03/$1</subfield>
		<subfield code="a">第1版</subfield>
	</datafield>
	<datafield ind1="0" ind2=" " tag="880">
		<subfield code="6">100-01/$1</subfield>
		<subfield code="a">杨一介</subfield>
	</datafield>
	<datafield ind1="1" ind2="0" tag="880">
		<subfield code="6">245-02/$1</subfield>
		<subfield code="a">中国农地权基本问题 :</subfield>
		<subfield code="b">中国集体农地权利体系的形成与扩展 /</subfield>
		<subfield code="c">杨一介著</subfield>
	</datafield>
	<datafield ind1=" " ind2="1" tag="880">
		<subfield code="6">264-04/$1</subfield>
		<subfield code="a">北京市 :</subfield>
		<subfield code="b">中國海關出版社,</subfield>
		<subfield code="c">2003</subfield>
	</datafield>
	<datafield ind1=" " ind2="1" tag="900">
		<subfield code="a">LOC</subfield>
		<subfield code="b">20110616</subfield>
		<subfield code="c">Droits réservés</subfield>
	</datafield>
	<datafield ind1=" " ind2=" " tag="900">
		<subfield code="a">noselfmerge</subfield>
	</datafield>
	<datafield ind1=" " ind2=" " tag="903">
		<subfield code="a">nwisdc</subfield>
		<subfield code="b">1106</subfield>
	</datafield>
	<datafield ind1=" " ind2=" " tag="953">
		<subfield code="a">ifisdc</subfield>
	</datafield>
	<datafield ind1=" " ind2=" " tag="980">
		<subfield code="2">dr-sys</subfield>
		<subfield code="a">CE/RPC 70.2 h</subfield>
	</datafield>
	<datafield ind1=" " ind2=" " tag="983">
		<subfield code="2">isdc</subfield>
		<subfield code="a">CE/RPC 70.2 h YANG 2003</subfield>
	</datafield>
</record>