

<record>
	<leader>01949naa a22004332a 4500</leader>
	<controlfield tag="001">REROILS:35</controlfield>
	<controlfield tag="003">RERO</controlfield>
	<controlfield tag="005">20201013230100.0</controlfield>
	<controlfield tag="008">970729s1976    sz ||| |  ||||00|  |ger d</controlfield>
	<datafield ind1=" " ind2=" " tag="019">
		<subfield code="a">Attention champ 830 issu de la migration d'Alexandria</subfield>
		<subfield code="9">iftfla/12.2009</subfield>
	</datafield>
	<datafield ind1=" " ind2=" " tag="019">
		<subfield code="a">Attention champ 933 issu de la migration d'Alexandria à conserver temporairement</subfield>
		<subfield code="9">iftfla/12.2009</subfield>
		<subfield code="5">alexrero</subfield>
	</datafield>
	<datafield ind1=" " ind2=" " tag="019">
		<subfield code="a">Notice issue de la migration Alexandria</subfield>
		<subfield code="9">iftfla/12.2009</subfield>
	</datafield>
	<datafield ind1=" " ind2=" " tag="035">
		<subfield code="a">bv01115925</subfield>
	</datafield>
	<datafield ind1=" " ind2="9" tag="039">
		<subfield code="a">202010132301</subfield>
		<subfield code="b">6025</subfield>
		<subfield code="c">201705221052</subfield>
		<subfield code="d">VLOAD</subfield>
		<subfield code="c">201503151044</subfield>
		<subfield code="d">VLOAD</subfield>
		<subfield code="c">201502120949</subfield>
		<subfield code="d">7500</subfield>
		<subfield code="y">200912102027</subfield>
		<subfield code="z">VLOAD</subfield>
	</datafield>
	<datafield ind1=" " ind2=" " tag="040">
		<subfield code="a">RERO iftfla</subfield>
	</datafield>
	<datafield ind1=" " ind2="7" tag="072">
		<subfield code="a">s1dr</subfield>
		<subfield code="2">rero</subfield>
	</datafield>
	<datafield ind1="1" ind2=" " tag="100">
		<subfield code="a">Wirth, Markus,</subfield>
		<subfield code="d">1945-</subfield>
		<subfield code="4">cre</subfield>
		<subfield code="0">(IDREF)064814165</subfield>
	</datafield>
	<datafield ind1="1" ind2="0" tag="245">
		<subfield code="a">Grundlagen und Ausgestaltung der Mehrwertabschöpfung /</subfield>
		<subfield code="c">Markus Wirth</subfield>
	</datafield>
	<datafield ind1=" " ind2="1" tag="264">
		<subfield code="a">Zürich :</subfield>
		<subfield code="b">Institut f. Orts-, Regional- u. Landesplanung,</subfield>
		<subfield code="c">1976</subfield>
	</datafield>
	<datafield ind1=" " ind2=" " tag="300">
		<subfield code="a">216 S. ;</subfield>
		<subfield code="c">22,5 cm</subfield>
	</datafield>
	<datafield ind1=" " ind2=" " tag="336">
		<subfield code="b">txt</subfield>
		<subfield code="2">rdacontent</subfield>
	</datafield>
	<datafield ind1=" " ind2=" " tag="337">
		<subfield code="b">n</subfield>
		<subfield code="2">rdamedia</subfield>
	</datafield>
	<datafield ind1=" " ind2=" " tag="338">
		<subfield code="b">nc</subfield>
		<subfield code="2">rdacarrier</subfield>
	</datafield>
	<datafield ind1=" " ind2=" " tag="339">
		<subfield code="a">docmaintype_article</subfield>
	</datafield>
	<datafield ind1="1" ind2=" " tag="490">
		<subfield code="a">Schriftenreihe zur Orts-, Regional- und Landesplanung</subfield>
		<subfield code="v">26</subfield>
		<subfield code="9">CHECKED</subfield>
	</datafield>
	<datafield ind1=" " ind2=" " tag="502">
		<subfield code="a">(Schriftenreihe zur ORL Nr. 26. - Diss. Zürich 1976)</subfield>
	</datafield>
	<datafield ind1=" " ind2=" " tag="580">
		<subfield code="a">In: Diss. jur. Zürich</subfield>
	</datafield>
	<datafield ind1=" " ind2="7" tag="650">
		<subfield code="a">Raumplanung und öffentliches Baurecht</subfield>
		<subfield code="2">jurivoc</subfield>
		<subfield code="9">ger</subfield>
	</datafield>
	<datafield ind1=" " ind2="7" tag="650">
		<subfield code="a">Mehrwert</subfield>
		<subfield code="2">jurivoc</subfield>
		<subfield code="9">ger</subfield>
	</datafield>
	<datafield ind1=" " ind2="7" tag="650">
		<subfield code="a">Mehrwertabgabe</subfield>
		<subfield code="2">jurivoc</subfield>
		<subfield code="9">ger</subfield>
	</datafield>
	<datafield ind1=" " ind2="7" tag="651">
		<subfield code="a">Schweiz</subfield>
		<subfield code="2">jurivoc</subfield>
		<subfield code="9">ger</subfield>
	</datafield>
	<datafield ind1="2" ind2=" " tag="710">
		<subfield code="a">Ecole polytechnique fédérale (Zürich).</subfield>
		<subfield code="b">Institut pour l'aménagement national, régional et local</subfield>
		<subfield code="0">(IDREF)034250743</subfield>
	</datafield>
	<datafield ind1="1" ind2=" " tag="773">
		<subfield code="t">Diss. jur. Zürich</subfield>
	</datafield>
	<datafield ind1=" " ind2="0" tag="830">
		<subfield code="a">Collection des documents pour l'aménagement national, régional et local = Schriftenreihe zur Orts-, Regional- und Landesplanung = Collection of documents for national, regional and local planning</subfield>
		<subfield code="v">26</subfield>
		<subfield code="w">REROILS:2000054</subfield>
	</datafield>
	<datafield ind1=" " ind2=" " tag="933">
		<subfield code="s">Diss. jur. Zürich</subfield>
		<subfield code="5">alexrero</subfield>
	</datafield>
	<datafield ind1=" " ind2=" " tag="953">
		<subfield code="a">ifofj- iftfla iftflu</subfield>
	</datafield>
	<datafield ind1=" " ind2=" " tag="983">
		<subfield code="2">ifofj-</subfield>
		<subfield code="a">CA/CH 47 h WIRT 1976</subfield>
	</datafield>
	<datafield ind1=" " ind2=" " tag="983">
		<subfield code="2">iftfla</subfield>
		<subfield code="a">TFLa J 40/190</subfield>
	</datafield>
	<datafield ind1=" " ind2=" " tag="983">
		<subfield code="2">iftflu</subfield>
		<subfield code="a">TFLu 3 C 10/23</subfield>
	</datafield>
</record>