

<record>
	<leader>01090nam a2200349 a 4500</leader>
	<controlfield tag="001">REROILS:276</controlfield>
	<controlfield tag="003">RERO</controlfield>
	<controlfield tag="005">20170611120800.0</controlfield>
	<controlfield tag="008">000918s1999    it ||| |  ||||00|  |ita d</controlfield>
	<datafield ind1=" " ind2=" " tag="020">
		<subfield code="a">9788835946755</subfield>
	</datafield>
	<datafield ind1=" " ind2=" " tag="035">
		<subfield code="a">R270112460</subfield>
	</datafield>
	<datafield ind1=" " ind2=" " tag="039">
		<subfield code="b">7400i</subfield>
	</datafield>
	<datafield ind1=" " ind2="9" tag="039">
		<subfield code="a">201706111208</subfield>
		<subfield code="b">VLOAD</subfield>
		<subfield code="c">200812221315</subfield>
		<subfield code="d">VLOAD</subfield>
		<subfield code="c">200406160752</subfield>
		<subfield code="d">VLOAD</subfield>
		<subfield code="y">200009181423</subfield>
		<subfield code="z">VLOAD</subfield>
	</datafield>
	<datafield ind1=" " ind2=" " tag="040">
		<subfield code="a">RERO geueti</subfield>
	</datafield>
	<datafield ind1=" " ind2="7" tag="072">
		<subfield code="a">s1dr</subfield>
		<subfield code="2">rero</subfield>
	</datafield>
	<datafield ind1="1" ind2=" " tag="100">
		<subfield code="a">Soda, Antonio</subfield>
		<subfield code="4">cre</subfield>
		<subfield code="0">(IDREF)082018855</subfield>
	</datafield>
	<datafield ind1="1" ind2="3" tag="245">
		<subfield code="a">Le organizzazioni internazionali :</subfield>
		<subfield code="b">politica, economie, società : dizionario /</subfield>
		<subfield code="c">Antonio Soda</subfield>
	</datafield>
	<datafield ind1=" " ind2="1" tag="264">
		<subfield code="a">Roma :</subfield>
		<subfield code="b">Libri dell'altritalia,</subfield>
		<subfield code="c">1999</subfield>
	</datafield>
	<datafield ind1=" " ind2=" " tag="300">
		<subfield code="a">143 p. ;</subfield>
		<subfield code="c">18 cm</subfield>
	</datafield>
	<datafield ind1=" " ind2=" " tag="336">
		<subfield code="b">txt</subfield>
		<subfield code="2">rdacontent</subfield>
	</datafield>
	<datafield ind1=" " ind2=" " tag="337">
		<subfield code="b">n</subfield>
		<subfield code="2">rdamedia</subfield>
	</datafield>
	<datafield ind1=" " ind2=" " tag="338">
		<subfield code="b">nc</subfield>
		<subfield code="2">rdacarrier</subfield>
	</datafield>
	<datafield ind1=" " ind2=" " tag="339">
		<subfield code="a">docmaintype_book</subfield>
		<subfield code="b">docsubtype_other_book</subfield>
	</datafield>
	<datafield ind1=" " ind2="7" tag="650">
		<subfield code="a">Organisations internationales</subfield>
		<subfield code="2">rero</subfield>
	</datafield>
	<datafield ind1=" " ind2="7" tag="655">
		<subfield code="a">[dictionnaire]</subfield>
		<subfield code="2">rerovoc</subfield>
	</datafield>
	<datafield ind1=" " ind2=" " tag="900">
		<subfield code="a">noselfmerge</subfield>
	</datafield>
	<datafield ind1=" " ind2=" " tag="902">
		<subfield code="a">geueti</subfield>
		<subfield code="b">2000/05</subfield>
	</datafield>
	<datafield ind1=" " ind2=" " tag="919">
		<subfield code="9">650 _7</subfield>
		<subfield code="a">organisations internationales</subfield>
		<subfield code="v">[dictionnaire]</subfield>
		<subfield code="2">chrero</subfield>
	</datafield>
	<datafield ind1=" " ind2=" " tag="957">
		<subfield code="a">geueti</subfield>
	</datafield>
	<datafield ind1=" " ind2=" " tag="982">
		<subfield code="2">eti1</subfield>
		<subfield code="a">341.1103</subfield>
	</datafield>
	<datafield ind1=" " ind2=" " tag="982">
		<subfield code="2">eti2</subfield>
		<subfield code="a">341.1103 SOD</subfield>
	</datafield>
	<datafield ind1=" " ind2=" " tag="992">
		<subfield code="a">ETIA 16232</subfield>
		<subfield code="x">ge/ueti/a/32089</subfield>
	</datafield>
</record>