

<record>
	<leader>01104nam a2200337 a 4500</leader>
	<controlfield tag="001">REROILS:211</controlfield>
	<controlfield tag="003">RERO</controlfield>
	<controlfield tag="005">20200710200400.0</controlfield>
	<controlfield tag="008">000917s1998    xxu||| |  ||||00|  |eng d</controlfield>
	<datafield ind1=" " ind2=" " tag="020">
		<subfield code="a">9780195063912</subfield>
	</datafield>
	<datafield ind1=" " ind2=" " tag="035">
		<subfield code="a">R267662160</subfield>
	</datafield>
	<datafield ind1=" " ind2=" " tag="039">
		<subfield code="b">8046</subfield>
		<subfield code="b">8014i</subfield>
	</datafield>
	<datafield ind1=" " ind2="9" tag="039">
		<subfield code="a">202007102004</subfield>
		<subfield code="b">VLOAD</subfield>
		<subfield code="c">201706111125</subfield>
		<subfield code="d">VLOAD</subfield>
		<subfield code="c">200812231117</subfield>
		<subfield code="d">VLOAD</subfield>
		<subfield code="c">200812230057</subfield>
		<subfield code="d">VLOAD</subfield>
		<subfield code="y">200009172329</subfield>
		<subfield code="z">VLOAD</subfield>
	</datafield>
	<datafield ind1=" " ind2=" " tag="040">
		<subfield code="a">RERO labcud</subfield>
	</datafield>
	<datafield ind1=" " ind2="7" tag="072">
		<subfield code="a">s1hm</subfield>
		<subfield code="2">rero</subfield>
	</datafield>
	<datafield ind1="1" ind2=" " tag="100">
		<subfield code="a">Lansing, Carol,</subfield>
		<subfield code="d">1951-</subfield>
		<subfield code="4">cre</subfield>
		<subfield code="0">(IDREF)032132212</subfield>
	</datafield>
	<datafield ind1="1" ind2="0" tag="245">
		<subfield code="a">Power &amp; [and] purity :</subfield>
		<subfield code="b">Cathar heresy in medieval Italy /</subfield>
		<subfield code="c">Carol Lansing</subfield>
	</datafield>
	<datafield ind1=" " ind2="1" tag="264">
		<subfield code="a">New York [etc.] :</subfield>
		<subfield code="b">Oxford Univ. Press,</subfield>
		<subfield code="c">1998</subfield>
	</datafield>
	<datafield ind1=" " ind2=" " tag="300">
		<subfield code="a">X, 267 p. :</subfield>
		<subfield code="b">ill. ;</subfield>
		<subfield code="c">22 cm</subfield>
	</datafield>
	<datafield ind1=" " ind2=" " tag="336">
		<subfield code="b">txt</subfield>
		<subfield code="2">rdacontent</subfield>
	</datafield>
	<datafield ind1=" " ind2=" " tag="337">
		<subfield code="b">n</subfield>
		<subfield code="2">rdamedia</subfield>
	</datafield>
	<datafield ind1=" " ind2=" " tag="338">
		<subfield code="b">nc</subfield>
		<subfield code="2">rdacarrier</subfield>
	</datafield>
	<datafield ind1=" " ind2=" " tag="339">
		<subfield code="a">docmaintype_book</subfield>
		<subfield code="b">docsubtype_other_book</subfield>
	</datafield>
	<datafield ind1=" " ind2="7" tag="650">
		<subfield code="a">Cathares</subfield>
		<subfield code="2">rero</subfield>
	</datafield>
	<datafield ind1=" " ind2="7" tag="650">
		<subfield code="a">hérésie - répression</subfield>
		<subfield code="2">rerovoc</subfield>
	</datafield>
	<datafield ind1=" " ind2="7" tag="650">
		<subfield code="a">Inquisition</subfield>
		<subfield code="2">rero</subfield>
	</datafield>
	<datafield ind1=" " ind2="7" tag="650">
		<subfield code="a">13e siècle</subfield>
		<subfield code="2">rero</subfield>
	</datafield>
	<datafield ind1=" " ind2="7" tag="651">
		<subfield code="a">Orvieto (Italie)</subfield>
		<subfield code="2">rero</subfield>
	</datafield>
	<datafield ind1=" " ind2=" " tag="900">
		<subfield code="a">noselfmerge</subfield>
	</datafield>
	<datafield ind1=" " ind2=" " tag="919">
		<subfield code="9">650 _7</subfield>
		<subfield code="a">cathares</subfield>
		<subfield code="x">hérésie - répression</subfield>
		<subfield code="x">inquisition</subfield>
		<subfield code="z">Orvieto (Italie)</subfield>
		<subfield code="y">13e s.</subfield>
		<subfield code="2">chrero</subfield>
	</datafield>
	<datafield ind1=" " ind2=" " tag="956">
		<subfield code="a">frbcuc</subfield>
	</datafield>
</record>