

<record>
	<leader>02480ngm a2200673 a 4500</leader>
	<controlfield tag="001">REROILS:19</controlfield>
	<controlfield tag="003">RERO</controlfield>
	<controlfield tag="005">20200728092600.0</controlfield>
	<controlfield tag="007">v|</controlfield>
	<controlfield tag="008">110303s2011    sz ||| |  ||||| |  |fre d</controlfield>
	<datafield ind1="8" ind2=" " tag="024">
		<subfield code="a">X0000-0002-A3B1-0000-0-0000-0000-2</subfield>
	</datafield>
	<datafield ind1=" " ind2=" " tag="035">
		<subfield code="a">R005947011</subfield>
	</datafield>
	<datafield ind1=" " ind2="7" tag="039">
		<subfield code="b">8200</subfield>
		<subfield code="b">8228</subfield>
	</datafield>
	<datafield ind1=" " ind2="9" tag="039">
		<subfield code="a">202007280926</subfield>
		<subfield code="b">VLOAD</subfield>
		<subfield code="c">202007112323</subfield>
		<subfield code="d">VLOAD</subfield>
		<subfield code="c">202002131151</subfield>
		<subfield code="d">VLOAD</subfield>
		<subfield code="c">202001202222</subfield>
		<subfield code="d">VLOAD</subfield>
		<subfield code="y">201103031443</subfield>
		<subfield code="z">8228</subfield>
	</datafield>
	<datafield ind1=" " ind2=" " tag="040">
		<subfield code="a">RERO labcur</subfield>
	</datafield>
	<datafield ind1=" " ind2=" " tag="044">
		<subfield code="a">sz</subfield>
		<subfield code="c">ch-vd</subfield>
	</datafield>
	<datafield ind1=" " ind2="7" tag="072">
		<subfield code="a">s1mu</subfield>
		<subfield code="2">rero</subfield>
	</datafield>
	<datafield ind1="0" ind2="0" tag="245">
		<subfield code="a">Michel Corboz :</subfield>
		<subfield code="b">le combat entre le vrai et le beau /</subfield>
		<subfield code="c">un film de Rinaldo Marasco &amp; Jérôme Piguet ; [prod.] Jean-Louis Porchet &amp; Gérard Ruey</subfield>
	</datafield>
	<datafield ind1=" " ind2="1" tag="264">
		<subfield code="a">[Lausanne] :</subfield>
		<subfield code="b">CAB Prod. : La Fine équipe du 45,</subfield>
		<subfield code="c">2011</subfield>
	</datafield>
	<datafield ind1=" " ind2=" " tag="300">
		<subfield code="a">1 DVD-vidéo (52 min.)</subfield>
	</datafield>
	<datafield ind1=" " ind2=" " tag="336">
		<subfield code="b">tdi</subfield>
		<subfield code="2">rdacontent</subfield>
	</datafield>
	<datafield ind1=" " ind2=" " tag="337">
		<subfield code="b">v</subfield>
		<subfield code="2">rdamedia</subfield>
	</datafield>
	<datafield ind1=" " ind2=" " tag="338">
		<subfield code="b">vd</subfield>
		<subfield code="2">rdacarrier</subfield>
	</datafield>
	<datafield ind1=" " ind2=" " tag="339">
		<subfield code="a">docmaintype_movie_series</subfield>
		<subfield code="b">docsubtype_movie</subfield>
	</datafield>
	<datafield ind1=" " ind2=" " tag="500">
		<subfield code="a">Zone 2</subfield>
	</datafield>
	<datafield ind1=" " ind2=" " tag="500">
		<subfield code="a">Langues : français. Sous-titres : anglais</subfield>
	</datafield>
	<datafield ind1=" " ind2=" " tag="500">
		<subfield code="a">Image et son: Rinaldo Marasco, Jérôme Piguet, Alain Wirth et Jacques Beaud</subfield>
	</datafield>
	<datafield ind1="8" ind2=" " tag="520">
		<subfield code="a">Pendant plus de deux ans, les réalisateurs ont suivit l'Ensemble vocal de Lausanne et son chef. Ce film est une immersion intimiste dans l'enregistrement de la Messe en si mineur de Jean-Sébastien Bach (BWV 232)</subfield>
		<subfield code="9">labcur/03.2011/8228</subfield>
	</datafield>
	<datafield ind1="1" ind2="7" tag="600">
		<subfield code="a">Corboz, Michel</subfield>
		<subfield code="2">rero</subfield>
		<subfield code="0">(IDREF)082686335</subfield>
	</datafield>
	<datafield ind1="1" ind2="7" tag="600">
		<subfield code="a">Bach, Johann Sebastian</subfield>
		<subfield code="2">rero</subfield>
		<subfield code="0">(IDREF)026699656</subfield>
	</datafield>
	<datafield ind1=" " ind2="7" tag="650">
		<subfield code="a">interprétation (exécution artistique)</subfield>
		<subfield code="2">rerovoc</subfield>
	</datafield>
	<datafield ind1=" " ind2="7" tag="650">
		<subfield code="a">Messes (musique)</subfield>
		<subfield code="2">rero</subfield>
	</datafield>
	<datafield ind1=" " ind2="7" tag="655">
		<subfield code="a">[DVD vidéo]</subfield>
		<subfield code="2">rerovoc</subfield>
	</datafield>
	<datafield ind1="1" ind2=" " tag="700">
		<subfield code="a">Marasco, Rinaldo</subfield>
		<subfield code="0">(IDREF)186402163</subfield>
	</datafield>
	<datafield ind1="1" ind2=" " tag="700">
		<subfield code="a">Piguet, Jérôme</subfield>
		<subfield code="0">(IDREF)186402376</subfield>
	</datafield>
	<datafield ind1="1" ind2=" " tag="700">
		<subfield code="a">Porchet, Jean-Louis</subfield>
		<subfield code="0">(IDREF)186402627</subfield>
	</datafield>
	<datafield ind1="1" ind2=" " tag="700">
		<subfield code="a">Ruey, Gérard</subfield>
		<subfield code="0">(IDREF)18640266X</subfield>
	</datafield>
	<datafield ind1=" " ind2=" " tag="900">
		<subfield code="a">noselfmerge</subfield>
	</datafield>
	<datafield ind1=" " ind2=" " tag="901">
		<subfield code="a">LAR CENT</subfield>
		<subfield code="b">2011/03</subfield>
		<subfield code="c">Frib</subfield>
	</datafield>
	<datafield ind1=" " ind2=" " tag="901">
		<subfield code="a">fribu</subfield>
	</datafield>
	<datafield ind1=" " ind2=" " tag="901">
		<subfield code="a">bfrc3</subfield>
	</datafield>
	<datafield ind1=" " ind2=" " tag="901">
		<subfield code="a">bfr2011</subfield>
	</datafield>
	<datafield ind1=" " ind2=" " tag="901">
		<subfield code="a">LAR CENT</subfield>
		<subfield code="b">2011/03</subfield>
		<subfield code="c">MDT 11</subfield>
	</datafield>
	<datafield ind1=" " ind2=" " tag="902">
		<subfield code="a">geiess</subfield>
		<subfield code="b">2015/04</subfield>
		<subfield code="c">FV</subfield>
	</datafield>
	<datafield ind1=" " ind2=" " tag="904">
		<subfield code="a">neheaana</subfield>
		<subfield code="b">2011/04</subfield>
	</datafield>
	<datafield ind1=" " ind2=" " tag="906">
		<subfield code="a">mavs1</subfield>
	</datafield>
	<datafield ind1=" " ind2=" " tag="906">
		<subfield code="a">vsmome</subfield>
		<subfield code="b">2017/11</subfield>
		<subfield code="c">16</subfield>
	</datafield>
	<datafield ind1=" " ind2=" " tag="919">
		<subfield code="9">600 17</subfield>
		<subfield code="a">Corboz, Michel</subfield>
		<subfield code="v">[DVD vidéo]</subfield>
		<subfield code="2">chrero</subfield>
	</datafield>
	<datafield ind1=" " ind2=" " tag="919">
		<subfield code="9">650 _7</subfield>
		<subfield code="a">interprétation (exécution artistique)</subfield>
		<subfield code="x">Bach, Johann Sebastian - messe (musique)</subfield>
		<subfield code="v">[DVD vidéo]</subfield>
		<subfield code="2">chrero</subfield>
	</datafield>
	<datafield ind1=" " ind2=" " tag="956">
		<subfield code="a">frbcuc</subfield>
	</datafield>
	<datafield ind1=" " ind2=" " tag="957">
		<subfield code="a">geies-</subfield>
	</datafield>
	<datafield ind1=" " ind2=" " tag="962">
		<subfield code="a">neheaa</subfield>
	</datafield>
	<datafield ind1=" " ind2=" " tag="973">
		<subfield code="a">vsbcce vsbcvs vsmome</subfield>
	</datafield>
	<datafield ind1=" " ind2=" " tag="981">
		<subfield code="2">BF</subfield>
		<subfield code="a">7.90.94.Corboz, Michel (documentation)</subfield>
	</datafield>
	<datafield ind1=" " ind2=" " tag="981">
		<subfield code="2">FRB</subfield>
		<subfield code="a">7.90.94 CORMD</subfield>
	</datafield>
	<datafield ind1=" " ind2=" " tag="982">
		<subfield code="2">ge-ies-</subfield>
		<subfield code="a">DVD-2864</subfield>
	</datafield>
	<datafield ind1=" " ind2=" " tag="986">
		<subfield code="2">cdu-vsmart</subfield>
		<subfield code="a">78/0-6 CORB</subfield>
	</datafield>
	<datafield ind1=" " ind2=" " tag="986">
		<subfield code="2">cdu-vsprat</subfield>
		<subfield code="a">78/0-6 CORB</subfield>
	</datafield>
	<datafield ind1=" " ind2=" " tag="986">
		<subfield code="2">cdu-vsmome</subfield>
		<subfield code="a">78.00</subfield>
	</datafield>
</record>