

<record>
	<leader>01665nam a2200421 a 4500</leader>
	<controlfield tag="001">REROILS:32</controlfield>
	<controlfield tag="003">RERO</controlfield>
	<controlfield tag="005">20170518114800.0</controlfield>
	<controlfield tag="008">000918s2000    fr |||||| ||||00|  |fre d</controlfield>
	<datafield ind1=" " ind2=" " tag="020">
		<subfield code="a">9782258053212</subfield>
	</datafield>
	<datafield ind1="7" ind2=" " tag="024">
		<subfield code="a">http://catalogue.bnf.fr/ark:/12148/cb37105715p</subfield>
		<subfield code="2">uri</subfield>
	</datafield>
	<datafield ind1=" " ind2=" " tag="035">
		<subfield code="a">R269462860</subfield>
	</datafield>
	<datafield ind1=" " ind2=" " tag="039">
		<subfield code="b">3514</subfield>
		<subfield code="b">3521c</subfield>
	</datafield>
	<datafield ind1=" " ind2="9" tag="039">
		<subfield code="a">201705181148</subfield>
		<subfield code="b">VLOAD</subfield>
		<subfield code="c">201607121431</subfield>
		<subfield code="d">3554</subfield>
		<subfield code="c">200812211904</subfield>
		<subfield code="d">VLOAD</subfield>
		<subfield code="c">200605290325</subfield>
		<subfield code="d">VLOAD</subfield>
		<subfield code="y">200009181702</subfield>
		<subfield code="z">VLOAD</subfield>
	</datafield>
	<datafield ind1=" " ind2=" " tag="040">
		<subfield code="a">RERO necfbv</subfield>
	</datafield>
	<datafield ind1="1" ind2=" " tag="041">
		<subfield code="a">fre</subfield>
		<subfield code="h">eng</subfield>
	</datafield>
	<datafield ind1=" " ind2="7" tag="072">
		<subfield code="a">s1an</subfield>
		<subfield code="2">rero</subfield>
	</datafield>
	<datafield ind1="1" ind2=" " tag="100">
		<subfield code="a">Brin, David</subfield>
		<subfield code="4">cre</subfield>
	</datafield>
	<datafield ind1="1" ind2="3" tag="245">
		<subfield code="a">Le triomphe de Fondation /</subfield>
		<subfield code="c">David Brin ; trad. de Dominique Haas ; [d'après l'oeuvre de Isaac Asimov]</subfield>
	</datafield>
	<datafield ind1=" " ind2="1" tag="264">
		<subfield code="a">[Paris] :</subfield>
		<subfield code="b">Presses de la Cité,</subfield>
		<subfield code="c">2000</subfield>
	</datafield>
	<datafield ind1=" " ind2=" " tag="300">
		<subfield code="a">448 p. ;</subfield>
		<subfield code="c">23 cm</subfield>
	</datafield>
	<datafield ind1=" " ind2=" " tag="336">
		<subfield code="b">txt</subfield>
		<subfield code="2">rdacontent</subfield>
	</datafield>
	<datafield ind1=" " ind2=" " tag="337">
		<subfield code="b">n</subfield>
		<subfield code="2">rdamedia</subfield>
	</datafield>
	<datafield ind1=" " ind2=" " tag="338">
		<subfield code="b">nc</subfield>
		<subfield code="2">rdacarrier</subfield>
	</datafield>
	<datafield ind1=" " ind2=" " tag="339">
		<subfield code="a">docmaintype_book</subfield>
		<subfield code="b">docsubtype_other_book</subfield>
	</datafield>
	<datafield ind1="1" ind2=" " tag="490">
		<subfield code="a">Roman</subfield>
	</datafield>
	<datafield ind1=" " ind2=" " tag="500">
		<subfield code="a">Traduit de: Foundation's triumph</subfield>
	</datafield>
	<datafield ind1=" " ind2=" " tag="500">
		<subfield code="a">Troisième vol. d'une trilogie inspirée par le Cycle de Fondation d'Isaac Asimov; le premier vol., &quot;Fondation en péril&quot;, est dû à Gregory Benford ; le deuxième vol., &quot;Fondation et chaos&quot;, est dû à Greg Bear</subfield>
	</datafield>
	<datafield ind1="8" ind2=" " tag="520">
		<subfield code="a">Roman de science-fiction (space opera)</subfield>
		<subfield code="9">necfbv/05.2000/3521</subfield>
	</datafield>
	<datafield ind1="1" ind2=" " tag="700">
		<subfield code="a">Haas, Dominique</subfield>
		<subfield code="0">(IDREF)028275055</subfield>
	</datafield>
	<datafield ind1=" " ind2="0" tag="830">
		<subfield code="a">Romans.</subfield>
		<subfield code="p">Presses de la Cité</subfield>
		<subfield code="w">REROILS:2000060</subfield>
	</datafield>
	<datafield ind1=" " ind2=" " tag="900">
		<subfield code="a">noselfmerge</subfield>
	</datafield>
	<datafield ind1=" " ind2=" " tag="904">
		<subfield code="a">neroan</subfield>
	</datafield>
	<datafield ind1=" " ind2=" " tag="904">
		<subfield code="a">bpunlp</subfield>
		<subfield code="b">0005</subfield>
		<subfield code="c">25</subfield>
	</datafield>
	<datafield ind1=" " ind2=" " tag="962">
		<subfield code="a">necfbv</subfield>
	</datafield>
	<datafield ind1=" " ind2=" " tag="994">
		<subfield code="a">CFV BRIN T</subfield>
		<subfield code="x">--</subfield>
	</datafield>
	<datafield ind1=" " ind2=" " tag="994">
		<subfield code="a">An BRIN Tri</subfield>
		<subfield code="x">ne/bpup/a/743/2000 [Perdu en 2006.]</subfield>
	</datafield>
</record>