

<record>
	<leader>01869cam a2200517 a 4500</leader>
	<controlfield tag="001">REROILS:71</controlfield>
	<controlfield tag="003">RERO</controlfield>
	<controlfield tag="005">20200711010800.0</controlfield>
	<controlfield tag="008">961207s1978    be |||||| ||||00|| |fre d</controlfield>
	<datafield ind1=" " ind2=" " tag="020">
		<subfield code="a">9782801700891</subfield>
	</datafield>
	<datafield ind1=" " ind2=" " tag="035">
		<subfield code="a">0154986</subfield>
	</datafield>
	<datafield ind1=" " ind2="9" tag="039">
		<subfield code="a">202007110108</subfield>
		<subfield code="b">VLOAD</subfield>
		<subfield code="c">201812080957</subfield>
		<subfield code="d">VLOAD</subfield>
		<subfield code="c">201808251419</subfield>
		<subfield code="d">VLOAD</subfield>
		<subfield code="c">201807261011</subfield>
		<subfield code="d">VLOAD</subfield>
		<subfield code="y">1999022713580000</subfield>
		<subfield code="z">load</subfield>
	</datafield>
	<datafield ind1=" " ind2=" " tag="040">
		<subfield code="a">RERO</subfield>
	</datafield>
	<datafield ind1="1" ind2=" " tag="041">
		<subfield code="a">fre</subfield>
		<subfield code="h">dut</subfield>
	</datafield>
	<datafield ind1=" " ind2="7" tag="072">
		<subfield code="a">s1gr</subfield>
		<subfield code="2">rero</subfield>
	</datafield>
	<datafield ind1=" " ind2="7" tag="072">
		<subfield code="a">s2ph</subfield>
		<subfield code="2">rero</subfield>
	</datafield>
	<datafield ind1="1" ind2=" " tag="100">
		<subfield code="a">De Strycker, Emile</subfield>
		<subfield code="4">cre</subfield>
		<subfield code="0">(IDREF)026815141</subfield>
	</datafield>
	<datafield ind1="1" ind2="0" tag="245">
		<subfield code="a">Précis d'histoire de la philosophie ancienne /</subfield>
		<subfield code="c">par Emile de Strycker ; trad. du néerlandais par J.M. Delanghe</subfield>
	</datafield>
	<datafield ind1=" " ind2="1" tag="264">
		<subfield code="a">Louvain :</subfield>
		<subfield code="b">Peeters ;</subfield>
		<subfield code="a">Louvain-la-Neuve :</subfield>
		<subfield code="b">Ed. de l'Institut supérieur de philosophie,</subfield>
		<subfield code="c">1978</subfield>
	</datafield>
	<datafield ind1=" " ind2=" " tag="300">
		<subfield code="a">VI, 244 p. ;</subfield>
		<subfield code="c">25 cm</subfield>
	</datafield>
	<datafield ind1=" " ind2=" " tag="336">
		<subfield code="b">txt</subfield>
		<subfield code="2">rdacontent</subfield>
	</datafield>
	<datafield ind1=" " ind2=" " tag="337">
		<subfield code="b">n</subfield>
		<subfield code="2">rdamedia</subfield>
	</datafield>
	<datafield ind1=" " ind2=" " tag="338">
		<subfield code="b">nc</subfield>
		<subfield code="2">rdacarrier</subfield>
	</datafield>
	<datafield ind1=" " ind2=" " tag="339">
		<subfield code="a">docmaintype_book</subfield>
		<subfield code="b">docsubtype_other_book</subfield>
	</datafield>
	<datafield ind1="1" ind2=" " tag="490">
		<subfield code="a">Bibliothèque philosophique de Louvain</subfield>
		<subfield code="v">25</subfield>
	</datafield>
	<datafield ind1=" " ind2="7" tag="650">
		<subfield code="a">Philosophie</subfield>
		<subfield code="2">rero</subfield>
	</datafield>
	<datafield ind1=" " ind2="7" tag="650">
		<subfield code="a">Antiquité</subfield>
		<subfield code="2">rero</subfield>
	</datafield>
	<datafield ind1=" " ind2="7" tag="650">
		<subfield code="a">Philosophie grecque</subfield>
		<subfield code="2">rero</subfield>
	</datafield>
	<datafield ind1=" " ind2="7" tag="655">
		<subfield code="a">[Manuels d'enseignement]</subfield>
		<subfield code="2">rero</subfield>
	</datafield>
	<datafield ind1="1" ind2=" " tag="700">
		<subfield code="a">Delanghe, J.M</subfield>
	</datafield>
	<datafield ind1=" " ind2="0" tag="830">
		<subfield code="a">Bibliothèque philosophique de Louvain</subfield>
		<subfield code="v">25</subfield>
		<subfield code="w">REROILS:12</subfield>
	</datafield>
	<datafield ind1=" " ind2=" " tag="900">
		<subfield code="a">noselfmerge</subfield>
	</datafield>
	<datafield ind1=" " ind2=" " tag="919">
		<subfield code="9">650 _7</subfield>
		<subfield code="a">philosophie grecque antique</subfield>
		<subfield code="v">[manuel]</subfield>
		<subfield code="2">chrero</subfield>
	</datafield>
	<datafield ind1=" " ind2=" " tag="919">
		<subfield code="9">650 _7</subfield>
		<subfield code="a">philosophie</subfield>
		<subfield code="y">Antiquité</subfield>
		<subfield code="v">[manuel]</subfield>
		<subfield code="2">chrero</subfield>
	</datafield>
	<datafield ind1=" " ind2=" " tag="956">
		<subfield code="a">frbcuc</subfield>
	</datafield>
	<datafield ind1=" " ind2=" " tag="957">
		<subfield code="a">geulph gevbge</subfield>
	</datafield>
	<datafield ind1=" " ind2=" " tag="962">
		<subfield code="a">neubfl</subfield>
	</datafield>
	<datafield ind1=" " ind2=" " tag="973">
		<subfield code="a">vsbcvs vsbasm</subfield>
	</datafield>
	<datafield ind1=" " ind2=" " tag="981">
		<subfield code="2">CDU</subfield>
		<subfield code="a">1&quot;-&quot;(09)</subfield>
	</datafield>
	<datafield ind1=" " ind2=" " tag="982">
		<subfield code="2">ge-ulph</subfield>
		<subfield code="a">C 1 STRY Préc</subfield>
	</datafield>
	<datafield ind1=" " ind2=" " tag="984">
		<subfield code="2">cdu-neubfl-ph</subfield>
		<subfield code="a">1(091)&quot;-&quot;</subfield>
	</datafield>
	<datafield ind1=" " ind2=" " tag="986">
		<subfield code="2">vs-basm</subfield>
		<subfield code="a">1&quot;_&quot;</subfield>
	</datafield>
	<datafield ind1=" " ind2=" " tag="992">
		<subfield code="a">BGE ZT 1310/25</subfield>
		<subfield code="x">ge/vbge/a/79/64</subfield>
	</datafield>
	<datafield ind1=" " ind2=" " tag="992">
		<subfield code="a">BFLA 248308</subfield>
		<subfield code="x">ge/ulph/a/FLt 10966</subfield>
	</datafield>
	<datafield ind1=" " ind2=" " tag="994">
		<subfield code="a">NELA 34866</subfield>
		<subfield code="x">ne/ubfl/a</subfield>
	</datafield>
</record>