

<record>
	<leader>02348nas a2200505 a 4500</leader>
	<controlfield tag="001">REROILS:216</controlfield>
	<controlfield tag="003">RERO</controlfield>
	<controlfield tag="005">20200912165000.0</controlfield>
	<controlfield tag="008">971016c19919999sz |||p|  ||||0 |  |ger d</controlfield>
	<datafield ind1=" " ind2=" " tag="019">
		<subfield code="a">Notice issue de la migration Alexandria</subfield>
		<subfield code="9">iftfla/12.2009</subfield>
	</datafield>
	<datafield ind1=" " ind2=" " tag="035">
		<subfield code="a">bv00595851</subfield>
	</datafield>
	<datafield ind1=" " ind2="9" tag="039">
		<subfield code="a">202009121650</subfield>
		<subfield code="b">5004</subfield>
		<subfield code="c">202006290941</subfield>
		<subfield code="d">VLOAD</subfield>
		<subfield code="c">201907051215</subfield>
		<subfield code="d">VLOAD</subfield>
		<subfield code="c">201705221343</subfield>
		<subfield code="d">VLOAD</subfield>
		<subfield code="y">200912102219</subfield>
		<subfield code="z">VLOAD</subfield>
	</datafield>
	<datafield ind1=" " ind2=" " tag="040">
		<subfield code="a">EPZB</subfield>
		<subfield code="d">TFL</subfield>
	</datafield>
	<datafield ind1="0" ind2=" " tag="041">
		<subfield code="a">fre</subfield>
		<subfield code="a">ger</subfield>
	</datafield>
	<datafield ind1=" " ind2="7" tag="072">
		<subfield code="a">s1dr</subfield>
		<subfield code="2">rero</subfield>
	</datafield>
	<datafield ind1="0" ind2="0" tag="245">
		<subfield code="a">Nationalratswahlen.</subfield>
		<subfield code="p">Der Wandel der Parteienlandschaft seit 1971 /</subfield>
		<subfield code="c">Bundesamt für Statistik = Les élections au Conseil national. L'évolution du paysage politique depuis 1971 / Office fédéral de la statistique</subfield>
	</datafield>
	<datafield ind1="3" ind2=" " tag="246">
		<subfield code="a">Elections au Conseil national.</subfield>
		<subfield code="p">L'évolution du paysage politique depuis 1971</subfield>
	</datafield>
	<datafield ind1=" " ind2="1" tag="264">
		<subfield code="a">Bern ;</subfield>
		<subfield code="a">[dann] Neuchâtel :</subfield>
		<subfield code="b">Bundesamt für Statistik (BFS),</subfield>
		<subfield code="c">1991-</subfield>
	</datafield>
	<datafield ind1=" " ind2=" " tag="300">
		<subfield code="c">30 cm</subfield>
	</datafield>
	<datafield ind1=" " ind2=" " tag="310">
		<subfield code="a">Alle 4 Jahre</subfield>
	</datafield>
	<datafield ind1=" " ind2=" " tag="336">
		<subfield code="b">txt</subfield>
		<subfield code="2">rdacontent</subfield>
	</datafield>
	<datafield ind1=" " ind2=" " tag="337">
		<subfield code="b">n</subfield>
		<subfield code="2">rdamedia</subfield>
	</datafield>
	<datafield ind1=" " ind2=" " tag="338">
		<subfield code="b">nc</subfield>
		<subfield code="2">rdacarrier</subfield>
	</datafield>
	<datafield ind1=" " ind2=" " tag="339">
		<subfield code="a">docmaintype_serial</subfield>
	</datafield>
	<datafield ind1="0" ind2=" " tag="362">
		<subfield code="a">1991(1991)-</subfield>
	</datafield>
	<datafield ind1="1" ind2=" " tag="490">
		<subfield code="a">Amtliche Statistik der Schweiz</subfield>
		<subfield code="v">17, Politik. Statistische Berichte</subfield>
	</datafield>
	<datafield ind1="1" ind2=" " tag="490">
		<subfield code="a">Statistik der Schweiz</subfield>
		<subfield code="v">17, Politik</subfield>
	</datafield>
	<datafield ind1=" " ind2=" " tag="500">
		<subfield code="a">Erscheint 1991 in der Reihe: Amtliche Statistik der Schweiz. 17, Politik. Statistische Berichte = Statistique officielle de la Suisse. 17, Politique. Etudes statistiques, dann ab 1995 in: Statistik der Schweiz. 17, Politik = Statistique de la Suisse. 17, Politique</subfield>
	</datafield>
	<datafield ind1=" " ind2=" " tag="530">
		<subfield code="a">Existe aussi en version électronique</subfield>
	</datafield>
	<datafield ind1=" " ind2="7" tag="650">
		<subfield code="a">Nationalrat</subfield>
		<subfield code="2">jurivoc</subfield>
		<subfield code="9">ger</subfield>
	</datafield>
	<datafield ind1=" " ind2="7" tag="650">
		<subfield code="a">Wahl(politische Rechte)</subfield>
		<subfield code="2">jurivoc</subfield>
		<subfield code="9">ger</subfield>
	</datafield>
	<datafield ind1=" " ind2="7" tag="650">
		<subfield code="a">Statistik</subfield>
		<subfield code="2">jurivoc</subfield>
		<subfield code="9">ger</subfield>
	</datafield>
	<datafield ind1=" " ind2="7" tag="651">
		<subfield code="a">Schweiz</subfield>
		<subfield code="2">jurivoc</subfield>
		<subfield code="9">ger</subfield>
	</datafield>
	<datafield ind1=" " ind2="7" tag="655">
		<subfield code="a">Periodikum</subfield>
		<subfield code="2">jurivoc</subfield>
		<subfield code="9">ger</subfield>
	</datafield>
	<datafield ind1="1" ind2=" " tag="710">
		<subfield code="a">Suisse.</subfield>
		<subfield code="b">Office fédéral de la statistique</subfield>
	</datafield>
	<datafield ind1="1" ind2=" " tag="776">
		<subfield code="t">Nationalratswahlen. Der Wandel der Parteienlandschaft seit 197</subfield>
	</datafield>
	<datafield ind1=" " ind2="0" tag="830">
		<subfield code="a">Amtliche Statistik der Schweiz.</subfield>
		<subfield code="n">17,</subfield>
		<subfield code="p">Politik.</subfield>
		<subfield code="p">Statistische Berichte</subfield>
	</datafield>
	<datafield ind1=" " ind2="0" tag="830">
		<subfield code="a">Statistik der Schweiz.</subfield>
		<subfield code="n">17,</subfield>
		<subfield code="p">Politik</subfield>
		<subfield code="w">REROILS:242</subfield>
	</datafield>
	<datafield ind1=" " ind2="0" tag="830">
		<subfield code="a">Statistique de la Suisse.</subfield>
		<subfield code="n">17,</subfield>
		<subfield code="p">Politique</subfield>
	</datafield>
	<datafield ind1=" " ind2="0" tag="830">
		<subfield code="a">Statistique officielle de la Suisse.</subfield>
		<subfield code="n">17,</subfield>
		<subfield code="p">Politique.</subfield>
		<subfield code="p">Etudes statistiques</subfield>
	</datafield>
	<datafield ind1=" " ind2=" " tag="900">
		<subfield code="a">noselfmerge</subfield>
	</datafield>
	<datafield ind1=" " ind2=" " tag="953">
		<subfield code="a">ifofj-</subfield>
	</datafield>
	<datafield ind1=" " ind2=" " tag="983">
		<subfield code="2">ifofj-</subfield>
		<subfield code="a">CA/CH 32.1 c NATI 1999</subfield>
	</datafield>
	<datafield ind1=" " ind2=" " tag="983">
		<subfield code="2">ifofj-</subfield>
		<subfield code="a">CA/CH 32.1 c NATI 2003</subfield>
	</datafield>
	<datafield ind1=" " ind2=" " tag="983">
		<subfield code="2">ifofj-</subfield>
		<subfield code="a">CA/CH 32.1 c NATI</subfield>
	</datafield>
</record>