

<record>
	<leader>01243nam a2200337 a 4500</leader>
	<controlfield tag="001">REROILS:48</controlfield>
	<controlfield tag="003">RERO</controlfield>
	<controlfield tag="005">20170610115200.0</controlfield>
	<controlfield tag="008">960525s1968    be |||||| ||||00|| |fre d</controlfield>
	<datafield ind1=" " ind2=" " tag="035">
		<subfield code="a">0042660</subfield>
	</datafield>
	<datafield ind1=" " ind2="9" tag="039">
		<subfield code="a">201706101152</subfield>
		<subfield code="b">VLOAD</subfield>
		<subfield code="c">200812230709</subfield>
		<subfield code="d">VLOAD</subfield>
		<subfield code="c">200702200940</subfield>
		<subfield code="d">7704</subfield>
		<subfield code="c">200702200938</subfield>
		<subfield code="d">7704</subfield>
		<subfield code="y">1999022710560000</subfield>
		<subfield code="z">load</subfield>
	</datafield>
	<datafield ind1=" " ind2=" " tag="040">
		<subfield code="a">RERO</subfield>
	</datafield>
	<datafield ind1=" " ind2="7" tag="072">
		<subfield code="a">s1ps</subfield>
		<subfield code="2">rero</subfield>
	</datafield>
	<datafield ind1="1" ind2=" " tag="100">
		<subfield code="a">Picard, Fernand</subfield>
		<subfield code="4">cre</subfield>
		<subfield code="0">(IDREF)10924785X</subfield>
	</datafield>
	<datafield ind1="1" ind2="3" tag="245">
		<subfield code="a">Le problème des aptitudes :</subfield>
		<subfield code="b">le facteur verbal /</subfield>
		<subfield code="c">F. Picard, R. Pasquasy ; avec la collab. de X. Kohl</subfield>
	</datafield>
	<datafield ind1=" " ind2="1" tag="264">
		<subfield code="a">[Lieu de publication non identifié] :</subfield>
		<subfield code="b">Labor :</subfield>
		<subfield code="b">Nathan,</subfield>
		<subfield code="c">1968</subfield>
	</datafield>
	<datafield ind1=" " ind2=" " tag="300">
		<subfield code="a">75 p. ;</subfield>
		<subfield code="c">24 cm</subfield>
	</datafield>
	<datafield ind1=" " ind2=" " tag="336">
		<subfield code="b">txt</subfield>
		<subfield code="2">rdacontent</subfield>
	</datafield>
	<datafield ind1=" " ind2=" " tag="337">
		<subfield code="b">n</subfield>
		<subfield code="2">rdamedia</subfield>
	</datafield>
	<datafield ind1=" " ind2=" " tag="338">
		<subfield code="b">nc</subfield>
		<subfield code="2">rdacarrier</subfield>
	</datafield>
	<datafield ind1=" " ind2=" " tag="339">
		<subfield code="a">docmaintype_book</subfield>
		<subfield code="b">docsubtype_other_book</subfield>
	</datafield>
	<datafield ind1="1" ind2=" " tag="490">
		<subfield code="a">Centre national de recherches de psychotechnique scolaire. Psychologie appliquée à l'éducation. Document</subfield>
		<subfield code="v">13/A</subfield>
	</datafield>
	<datafield ind1=" " ind2="7" tag="650">
		<subfield code="a">apprentissage verbal</subfield>
		<subfield code="2">rerovoc</subfield>
	</datafield>
	<datafield ind1=" " ind2="7" tag="650">
		<subfield code="a">Aptitude</subfield>
		<subfield code="2">rero</subfield>
	</datafield>
	<datafield ind1=" " ind2="7" tag="650">
		<subfield code="a">Intelligence</subfield>
		<subfield code="2">rero</subfield>
	</datafield>
	<datafield ind1="1" ind2=" " tag="700">
		<subfield code="a">Pasquasy, René</subfield>
		<subfield code="0">(IDREF)185544207</subfield>
	</datafield>
	<datafield ind1="1" ind2=" " tag="700">
		<subfield code="a">Kohl, X</subfield>
	</datafield>
	<datafield ind1=" " ind2="0" tag="830">
		<subfield code="a">Documents / Centre national de recherches de psychotechnique scolaire</subfield>
		<subfield code="v">13A</subfield>
		<subfield code="w">REROILS:2000062</subfield>
	</datafield>
	<datafield ind1=" " ind2=" " tag="900">
		<subfield code="a">noselfmerge</subfield>
	</datafield>
	<datafield ind1=" " ind2=" " tag="919">
		<subfield code="9">650 _7</subfield>
		<subfield code="a">apprentissage verbal</subfield>
		<subfield code="x">aptitude</subfield>
		<subfield code="x">intelligence</subfield>
		<subfield code="2">chrero</subfield>
	</datafield>
	<datafield ind1=" " ind2=" " tag="957">
		<subfield code="a">geufpe</subfield>
	</datafield>
</record>