

<record>
	<leader>01238caa a2200349 a 4500</leader>
	<controlfield tag="001">REROILS:7</controlfield>
	<controlfield tag="003">RERO</controlfield>
	<controlfield tag="005">20200128112300.0</controlfield>
	<controlfield tag="008">001026s1980    sz |||||| ||||00|| |ita d</controlfield>
	<datafield ind1=" " ind2=" " tag="035">
		<subfield code="a">1636959</subfield>
	</datafield>
	<datafield ind1=" " ind2=" " tag="039">
		<subfield code="b">2204</subfield>
		<subfield code="b">2205c</subfield>
	</datafield>
	<datafield ind1=" " ind2="9" tag="039">
		<subfield code="a">202001281123</subfield>
		<subfield code="b">AUTHORITY</subfield>
		<subfield code="c">201808271107</subfield>
		<subfield code="d">VLOAD</subfield>
		<subfield code="c">201807011830</subfield>
		<subfield code="d">VLOAD</subfield>
		<subfield code="c">201706101215</subfield>
		<subfield code="d">VLOAD</subfield>
		<subfield code="y">1999030100160000</subfield>
		<subfield code="z">load</subfield>
	</datafield>
	<datafield ind1=" " ind2=" " tag="040">
		<subfield code="a">RERO tibrlm</subfield>
	</datafield>
	<datafield ind1=" " ind2=" " tag="044">
		<subfield code="a">sz</subfield>
		<subfield code="c">ch-ti</subfield>
	</datafield>
	<datafield ind1=" " ind2="7" tag="072">
		<subfield code="a">s1se</subfield>
		<subfield code="2">rero</subfield>
	</datafield>
	<datafield ind1="0" ind2="3" tag="245">
		<subfield code="a">Il Ticino e l'economia dei traffici internazionali di transito /</subfield>
		<subfield code="c">P. Caroni... [et al.]</subfield>
	</datafield>
	<datafield ind1=" " ind2="1" tag="264">
		<subfield code="a">Bellinzona :</subfield>
		<subfield code="b">Archivio storico ticinese,</subfield>
		<subfield code="c">[ca 1980]</subfield>
	</datafield>
	<datafield ind1=" " ind2=" " tag="300">
		<subfield code="a">32 p. :</subfield>
		<subfield code="b">ill. ;</subfield>
		<subfield code="c">28 cm</subfield>
	</datafield>
	<datafield ind1=" " ind2=" " tag="336">
		<subfield code="b">txt</subfield>
		<subfield code="2">rdacontent</subfield>
	</datafield>
	<datafield ind1=" " ind2=" " tag="337">
		<subfield code="b">n</subfield>
		<subfield code="2">rdamedia</subfield>
	</datafield>
	<datafield ind1=" " ind2=" " tag="338">
		<subfield code="b">nc</subfield>
		<subfield code="2">rdacarrier</subfield>
	</datafield>
	<datafield ind1=" " ind2=" " tag="339">
		<subfield code="a">docmaintype_article</subfield>
	</datafield>
	<datafield ind1=" " ind2=" " tag="580">
		<subfield code="a">Tiré à part de: Archivio storico ticinese. - 1980, n. 84, p. 512-542</subfield>
	</datafield>
	<datafield ind1=" " ind2="7" tag="650">
		<subfield code="a">Conditions économiques</subfield>
		<subfield code="2">rero</subfield>
	</datafield>
	<datafield ind1=" " ind2="7" tag="650">
		<subfield code="a">Transports internationaux</subfield>
		<subfield code="2">rero</subfield>
	</datafield>
	<datafield ind1=" " ind2="7" tag="651">
		<subfield code="a">Ticino (Suisse, canton)</subfield>
		<subfield code="2">rero</subfield>
	</datafield>
	<datafield ind1="1" ind2=" " tag="700">
		<subfield code="a">Caroni, Pio,</subfield>
		<subfield code="d">1938-</subfield>
		<subfield code="0">(IDREF)031679447</subfield>
	</datafield>
	<datafield ind1="1" ind2=" " tag="787">
		<subfield code="t">Archivio storico ticinese</subfield>
		<subfield code="g">1980, n. 84, p. 512-542</subfield>
		<subfield code="w">REROILS:2000063</subfield>
	</datafield>
	<datafield ind1=" " ind2=" " tag="900">
		<subfield code="a">noselfmerge</subfield>
	</datafield>
	<datafield ind1=" " ind2=" " tag="919">
		<subfield code="9">650 _7</subfield>
		<subfield code="a">économie</subfield>
		<subfield code="x">transport international</subfield>
		<subfield code="z">Ticino (Suisse, canton)</subfield>
		<subfield code="2">chrero</subfield>
	</datafield>
	<datafield ind1=" " ind2=" " tag="956">
		<subfield code="a">frbcuc</subfield>
	</datafield>
	<datafield ind1=" " ind2=" " tag="981">
		<subfield code="2">FSES</subfield>
		<subfield code="a">R033</subfield>
	</datafield>
</record>