

<record>
	<leader>01222nas a2200301 a 4500</leader>
	<controlfield tag="001">REROILS:127</controlfield>
	<controlfield tag="003">RERO</controlfield>
	<controlfield tag="005">20170516085500.0</controlfield>
	<controlfield tag="008">861021d19551969fr |||p|| ||||0 || 0fre d</controlfield>
	<datafield ind1=" " ind2=" " tag="035">
		<subfield code="a">0765620</subfield>
	</datafield>
	<datafield ind1=" " ind2="9" tag="039">
		<subfield code="a">201705160855</subfield>
		<subfield code="b">VLOAD</subfield>
		<subfield code="c">200812211538</subfield>
		<subfield code="d">VLOAD</subfield>
		<subfield code="c">200605282057</subfield>
		<subfield code="d">VLOAD</subfield>
		<subfield code="c">200410122026</subfield>
		<subfield code="d">VLOAD</subfield>
		<subfield code="y">1999022803510000</subfield>
		<subfield code="z">load</subfield>
	</datafield>
	<datafield ind1=" " ind2=" " tag="040">
		<subfield code="a">RERO neubfd</subfield>
	</datafield>
	<datafield ind1=" " ind2="7" tag="072">
		<subfield code="a">s1dr</subfield>
		<subfield code="2">rero</subfield>
	</datafield>
	<datafield ind1="0" ind2="0" tag="245">
		<subfield code="a">Bulletin de la Société internationale de défense sociale</subfield>
	</datafield>
	<datafield ind1=" " ind2="1" tag="264">
		<subfield code="a">Paris :</subfield>
		<subfield code="b">Cujas [puis] Société internationale de défense sociale,</subfield>
		<subfield code="c">1955-1970</subfield>
	</datafield>
	<datafield ind1=" " ind2=" " tag="300">
		<subfield code="c">22 cm</subfield>
	</datafield>
	<datafield ind1=" " ind2=" " tag="336">
		<subfield code="b">txt</subfield>
		<subfield code="2">rdacontent</subfield>
	</datafield>
	<datafield ind1=" " ind2=" " tag="337">
		<subfield code="b">n</subfield>
		<subfield code="2">rdamedia</subfield>
	</datafield>
	<datafield ind1=" " ind2=" " tag="338">
		<subfield code="b">nc</subfield>
		<subfield code="2">rdacarrier</subfield>
	</datafield>
	<datafield ind1=" " ind2=" " tag="339">
		<subfield code="a">docmaintype_serial</subfield>
	</datafield>
	<datafield ind1="0" ind2=" " tag="362">
		<subfield code="a">No 1(1955) - No 12(1969)</subfield>
	</datafield>
	<datafield ind1=" " ind2=" " tag="580">
		<subfield code="a">Devient: Cahiers de défense sociale : Bulletin de la Société internationale de défense sociale = Bulletin of the International Society of Social Defence</subfield>
	</datafield>
	<datafield ind1="2" ind2=" " tag="710">
		<subfield code="a">Société internationale de défense sociale</subfield>
	</datafield>
	<datafield ind1="1" ind2="0" tag="785">
		<subfield code="t">Cahiers de défense sociale : Bulletin de la Société internationale de défense sociale = Bulletin of the International Society of Social Defence</subfield>
		<subfield code="w">REROILS:2000065</subfield>
	</datafield>
	<datafield ind1=" " ind2=" " tag="900">
		<subfield code="a">noselfmerge</subfield>
	</datafield>
	<datafield ind1=" " ind2=" " tag="962">
		<subfield code="a">neubfd</subfield>
	</datafield>
	<datafield ind1=" " ind2=" " tag="980">
		<subfield code="2">dr-sys</subfield>
		<subfield code="a">A 87 f</subfield>
	</datafield>
	<datafield ind1=" " ind2=" " tag="984">
		<subfield code="2">dr-neubfd</subfield>
		<subfield code="a">A 87 f CADS</subfield>
	</datafield>
</record>