

<record>
	<leader>01541nam a22003492a 4500</leader>
	<controlfield tag="001">REROILS:41</controlfield>
	<controlfield tag="003">RERO</controlfield>
	<controlfield tag="005">20200618223200.0</controlfield>
	<controlfield tag="008">170615s1747    sz ||| |  ||||00|  |lat d</controlfield>
	<datafield ind1="8" ind2=" " tag="024">
		<subfield code="a">VD18 10153438</subfield>
		<subfield code="2">vd18</subfield>
	</datafield>
	<datafield ind1=" " ind2=" " tag="035">
		<subfield code="a">R008666989</subfield>
	</datafield>
	<datafield ind1=" " ind2="9" tag="039">
		<subfield code="a">202006182232</subfield>
		<subfield code="b">VLOAD</subfield>
		<subfield code="c">201904031416</subfield>
		<subfield code="d">AUTHORITY</subfield>
		<subfield code="c">201904031319</subfield>
		<subfield code="d">0060</subfield>
		<subfield code="c">201904031255</subfield>
		<subfield code="d">AUTHORITY</subfield>
		<subfield code="y">201706151143</subfield>
		<subfield code="z">6005</subfield>
	</datafield>
	<datafield ind1=" " ind2=" " tag="040">
		<subfield code="a">GBVCP</subfield>
		<subfield code="b">ger</subfield>
		<subfield code="e">rda</subfield>
		<subfield code="d">RERO gevbge</subfield>
	</datafield>
	<datafield ind1=" " ind2="7" tag="072">
		<subfield code="a">s1zz</subfield>
		<subfield code="2">rero</subfield>
	</datafield>
	<datafield ind1="1" ind2=" " tag="100">
		<subfield code="a">Gessner, Johann Jacob</subfield>
		<subfield code="4">cre</subfield>
	</datafield>
	<datafield ind1="1" ind2="0" tag="245">
		<subfield code="a">Numismata Antiqua Imperatorum Romanorum Latina et Graeca :</subfield>
		<subfield code="b">Omnia Quoquot ex Numismato-phylaciis et Scriptoribus de Re numaria comparare licuit, Integra serie Tabulis Æneis Repræsentata, adscriptis Nominibus Museorum unde deprompta sunt, et Locis præstantiss: Authorum qui Singula illustrarunt /</subfield>
		<subfield code="c">digessit et edidit Ioh. Iacobus Gessnerus</subfield>
	</datafield>
	<datafield ind1=" " ind2="1" tag="264">
		<subfield code="a">Tiguri :</subfield>
		<subfield code="b">Apud Casparum Fuesslinum Pictorem,</subfield>
		<subfield code="c">[1747?]</subfield>
	</datafield>
	<datafield ind1=" " ind2=" " tag="300">
		<subfield code="a">CLXXXIV, VIII f. :</subfield>
		<subfield code="b">ill. ;</subfield>
		<subfield code="c">2°</subfield>
	</datafield>
	<datafield ind1=" " ind2=" " tag="336">
		<subfield code="b">txt</subfield>
		<subfield code="2">rdacontent</subfield>
	</datafield>
	<datafield ind1=" " ind2=" " tag="337">
		<subfield code="b">n</subfield>
		<subfield code="2">rdamedia</subfield>
	</datafield>
	<datafield ind1=" " ind2=" " tag="338">
		<subfield code="b">nc</subfield>
		<subfield code="2">rdacarrier</subfield>
	</datafield>
	<datafield ind1=" " ind2=" " tag="339">
		<subfield code="a">docmaintype_book</subfield>
		<subfield code="b">docsubtype_other_book</subfield>
	</datafield>
	<datafield ind1=" " ind2=" " tag="500">
		<subfield code="a">Tafel CXXXII datiert 1747. - SBB-PK Berlin datiert auf 1738. ZB Zürich datiert auf 1740</subfield>
	</datafield>
	<datafield ind1="4" ind2=" " tag="510">
		<subfield code="a">Dekesel, C.E. Bibliotheca Nummaria III, G91</subfield>
	</datafield>
	<datafield ind1="4" ind2=" " tag="510">
		<subfield code="a">VD18 10153438</subfield>
	</datafield>
	<datafield ind1="1" ind2=" " tag="700">
		<subfield code="a">Füssli, Johann Caspar,</subfield>
		<subfield code="d">1706-1782</subfield>
		<subfield code="4">prt</subfield>
		<subfield code="0">(IDREF)229507255</subfield>
	</datafield>
	<datafield ind1=" " ind2=" " tag="752">
		<subfield code="d">Zürich (1450-1800, lieu d'édition ou d'impression)</subfield>
		<subfield code="0">(IDREF)027418545</subfield>
	</datafield>
	<datafield ind1=" " ind2="1" tag="900">
		<subfield code="a">OCoLC</subfield>
		<subfield code="b">20170615</subfield>
		<subfield code="c">Droits réservés</subfield>
	</datafield>
	<datafield ind1=" " ind2=" " tag="900">
		<subfield code="a">swissbibnomerge</subfield>
	</datafield>
	<datafield ind1=" " ind2="7" tag="919">
		<subfield code="a">Geldwesen</subfield>
		<subfield code="2">local</subfield>
	</datafield>
	<datafield ind1=" " ind2=" " tag="930">
		<subfield code="a">(OCoLC) ocn258104947</subfield>
	</datafield>
	<datafield ind1=" " ind2=" " tag="957">
		<subfield code="a">gevbge</subfield>
	</datafield>
</record>