

<record>
	<leader>01569nam a2200433 a 4500</leader>
	<controlfield tag="001">REROILS:229</controlfield>
	<controlfield tag="003">RERO</controlfield>
	<controlfield tag="005">20200226183500.0</controlfield>
	<controlfield tag="008">001229s1997    gw |||||| ||||00|| |ger d</controlfield>
	<datafield ind1=" " ind2=" " tag="020">
		<subfield code="a">9783579002569</subfield>
	</datafield>
	<datafield ind1="7" ind2=" " tag="024">
		<subfield code="a">http://catalogue.bnf.fr/ark:/12148/cb37725772z</subfield>
		<subfield code="2">uri</subfield>
	</datafield>
	<datafield ind1=" " ind2=" " tag="035">
		<subfield code="a">R267082460</subfield>
	</datafield>
	<datafield ind1=" " ind2=" " tag="039">
		<subfield code="b">0146</subfield>
		<subfield code="b">4801</subfield>
	</datafield>
	<datafield ind1=" " ind2="9" tag="039">
		<subfield code="a">202002261835</subfield>
		<subfield code="b">AUTHORITY</subfield>
		<subfield code="c">202002051115</subfield>
		<subfield code="d">0146</subfield>
		<subfield code="c">202002031058</subfield>
		<subfield code="d">0050</subfield>
		<subfield code="c">201912161125</subfield>
		<subfield code="d">0225</subfield>
		<subfield code="y">200009131437</subfield>
		<subfield code="z">VLOAD</subfield>
	</datafield>
	<datafield ind1=" " ind2=" " tag="040">
		<subfield code="a">RERO neuthe</subfield>
	</datafield>
	<datafield ind1="1" ind2=" " tag="041">
		<subfield code="a">ger</subfield>
		<subfield code="a">lat</subfield>
		<subfield code="h">lat</subfield>
	</datafield>
	<datafield ind1=" " ind2="7" tag="072">
		<subfield code="a">s1th</subfield>
		<subfield code="2">rero</subfield>
	</datafield>
	<datafield ind1="1" ind2=" " tag="100">
		<subfield code="a">Melanchthon, Philipp</subfield>
		<subfield code="4">aut</subfield>
		<subfield code="0">(IDREF)027021882</subfield>
	</datafield>
	<datafield ind1="1" ind2="0" tag="245">
		<subfield code="a">Loci communes 1521 :</subfield>
		<subfield code="b">lateinisch-deutsch /</subfield>
		<subfield code="c">Philipp Melanchton ; übers. und mit kommentierenden Anmerkungen versehen von Horst Georg Pöhlmann ; hrsg. vom Lutherischen Kirchenamts der Vereinigten Evangelisch-Lutherischen Kirche Deutschlands</subfield>
	</datafield>
	<datafield ind1=" " ind2=" " tag="250">
		<subfield code="a">2. durchges. und korrigierte Ausg.</subfield>
	</datafield>
	<datafield ind1=" " ind2="1" tag="264">
		<subfield code="a">Gütersloh :</subfield>
		<subfield code="b">G. Mohr,</subfield>
		<subfield code="c">1997</subfield>
	</datafield>
	<datafield ind1=" " ind2=" " tag="300">
		<subfield code="a">396 p. ;</subfield>
		<subfield code="c">25 cm</subfield>
	</datafield>
	<datafield ind1=" " ind2=" " tag="336">
		<subfield code="b">txt</subfield>
		<subfield code="2">rdacontent</subfield>
	</datafield>
	<datafield ind1=" " ind2=" " tag="337">
		<subfield code="b">n</subfield>
		<subfield code="2">rdamedia</subfield>
	</datafield>
	<datafield ind1=" " ind2=" " tag="338">
		<subfield code="b">nc</subfield>
		<subfield code="2">rdacarrier</subfield>
	</datafield>
	<datafield ind1=" " ind2=" " tag="339">
		<subfield code="a">docmaintype_book</subfield>
		<subfield code="b">docsubtype_other_book</subfield>
	</datafield>
	<datafield ind1="1" ind2="7" tag="600">
		<subfield code="a">Melanchthon, Philipp.</subfield>
		<subfield code="t">Loci communes theologici</subfield>
		<subfield code="2">rero</subfield>
	</datafield>
	<datafield ind1="1" ind2=" " tag="700">
		<subfield code="a">Pöhlmann, Horst Georg</subfield>
		<subfield code="4">trl</subfield>
		<subfield code="0">(IDREF)061134910</subfield>
	</datafield>
	<datafield ind1="2" ind2=" " tag="710">
		<subfield code="a">Vereinigte Evangelisch-Lutherische Kirche Deutschlands.</subfield>
		<subfield code="b">Kirchenamt</subfield>
		<subfield code="4">edt</subfield>
	</datafield>
	<datafield ind1=" " ind2=" " tag="900">
		<subfield code="a">noselfmerge</subfield>
	</datafield>
	<datafield ind1=" " ind2=" " tag="901">
		<subfield code="a">LAR BHT</subfield>
		<subfield code="b">2020/02</subfield>
		<subfield code="c">ISO</subfield>
		<subfield code="c">cdd200</subfield>
	</datafield>
	<datafield ind1=" " ind2=" " tag="902">
		<subfield code="a">geuth-</subfield>
		<subfield code="b">2001/07</subfield>
		<subfield code="c">4</subfield>
	</datafield>
	<datafield ind1=" " ind2=" " tag="902">
		<subfield code="a">getheolcollection</subfield>
	</datafield>
	<datafield ind1=" " ind2=" " tag="904">
		<subfield code="a">neuthena</subfield>
		<subfield code="b">2000/03</subfield>
	</datafield>
	<datafield ind1=" " ind2=" " tag="956">
		<subfield code="a">frbcuc</subfield>
	</datafield>
	<datafield ind1=" " ind2=" " tag="957">
		<subfield code="a">geuth-</subfield>
	</datafield>
	<datafield ind1=" " ind2=" " tag="962">
		<subfield code="a">neupam</subfield>
	</datafield>
	<datafield ind1=" " ind2=" " tag="981">
		<subfield code="2">ISO</subfield>
		<subfield code="a">G-MELAN</subfield>
	</datafield>
	<datafield ind1=" " ind2=" " tag="982">
		<subfield code="2">cdu-geuth</subfield>
		<subfield code="a">23&quot;15&quot;MEL7Loc</subfield>
	</datafield>
</record>