

<record>
	<leader>01534nim a2200457 a 4500</leader>
	<controlfield tag="001">REROILS:3</controlfield>
	<controlfield tag="003">RERO</controlfield>
	<controlfield tag="005">20200806155400.0</controlfield>
	<controlfield tag="007">c|</controlfield>
	<controlfield tag="007">s|</controlfield>
	<controlfield tag="008">160304s2013    gw |||||| ||||  ||||ger d</controlfield>
	<datafield ind1=" " ind2=" " tag="020">
		<subfield code="a">9783893534456</subfield>
	</datafield>
	<datafield ind1="3" ind2=" " tag="024">
		<subfield code="a">9783893534456</subfield>
	</datafield>
	<datafield ind1="5" ind2="2" tag="028">
		<subfield code="a">Best.-Nr. CD 445</subfield>
	</datafield>
	<datafield ind1=" " ind2=" " tag="035">
		<subfield code="a">R008381301</subfield>
	</datafield>
	<datafield ind1=" " ind2="9" tag="039">
		<subfield code="a">202008061554</subfield>
		<subfield code="b">1401</subfield>
		<subfield code="c">201807201642</subfield>
		<subfield code="d">VLOAD</subfield>
		<subfield code="c">201802280842</subfield>
		<subfield code="d">VLOAD</subfield>
		<subfield code="c">201705202203</subfield>
		<subfield code="d">VLOAD</subfield>
		<subfield code="y">201603041544</subfield>
		<subfield code="z">1401</subfield>
	</datafield>
	<datafield ind1=" " ind2=" " tag="040">
		<subfield code="a">1145</subfield>
		<subfield code="d">9999</subfield>
		<subfield code="d">RERO vsbcvb</subfield>
	</datafield>
	<datafield ind1=" " ind2="7" tag="072">
		<subfield code="a">s1al</subfield>
		<subfield code="2">rero</subfield>
	</datafield>
	<datafield ind1="1" ind2=" " tag="100">
		<subfield code="a">Arold, Marliese</subfield>
		<subfield code="4">cre</subfield>
		<subfield code="0">(IDREF)251463028</subfield>
	</datafield>
	<datafield ind1="1" ind2="0" tag="245">
		<subfield code="a">Magic girls :</subfield>
		<subfield code="b">der dunkle Verräter /</subfield>
		<subfield code="c">Marliese Arold ; Gelesen von Sabine Falkenberg</subfield>
	</datafield>
	<datafield ind1=" " ind2=" " tag="250">
		<subfield code="a">Gekürzte Lesefassung</subfield>
	</datafield>
	<datafield ind1="3" ind2="1" tag="264">
		<subfield code="a">Dortmund :</subfield>
		<subfield code="b">Igel-Records,</subfield>
		<subfield code="c">2013</subfield>
	</datafield>
	<datafield ind1=" " ind2=" " tag="300">
		<subfield code="a">3 Compact Discs (231 Min.) +</subfield>
		<subfield code="e">1 Booklet ([8] S.)</subfield>
	</datafield>
	<datafield ind1=" " ind2=" " tag="336">
		<subfield code="b">spw</subfield>
		<subfield code="2">rdacontent</subfield>
	</datafield>
	<datafield ind1=" " ind2=" " tag="337">
		<subfield code="b">s</subfield>
		<subfield code="2">rdamedia</subfield>
	</datafield>
	<datafield ind1=" " ind2=" " tag="338">
		<subfield code="b">sd</subfield>
		<subfield code="2">rdacarrier</subfield>
	</datafield>
	<datafield ind1=" " ind2=" " tag="339">
		<subfield code="a">docmaintype_audio</subfield>
		<subfield code="b">docsubtype_audio_book</subfield>
	</datafield>
	<datafield ind1=" " ind2=" " tag="521">
		<subfield code="a">Jugendliche</subfield>
		<subfield code="9">vsbcvb/03.2016</subfield>
	</datafield>
	<datafield ind1=" " ind2="7" tag="655">
		<subfield code="a">[Livres audio]</subfield>
		<subfield code="2">rero</subfield>
	</datafield>
	<datafield ind1="1" ind2=" " tag="700">
		<subfield code="a">Falkenberg, Sabine</subfield>
	</datafield>
	<datafield ind1=" " ind2="1" tag="900">
		<subfield code="a">DNB</subfield>
		<subfield code="b">20160304</subfield>
	</datafield>
	<datafield ind1=" " ind2=" " tag="900">
		<subfield code="a">noselfmerge</subfield>
	</datafield>
	<datafield ind1=" " ind2=" " tag="919">
		<subfield code="a">(Produktform)CD-Audio</subfield>
	</datafield>
	<datafield ind1=" " ind2=" " tag="919">
		<subfield code="a">(VLB-Produktgruppen)SD400</subfield>
	</datafield>
	<datafield ind1=" " ind2=" " tag="919">
		<subfield code="a">(VLB-Produktgruppen)TQ500</subfield>
	</datafield>
	<datafield ind1=" " ind2=" " tag="919">
		<subfield code="a">(VLB-WN)5250: Audio-CD, Kassette / Kinder- und Jugendbücher/Kinderbücher bis 11 Jahre</subfield>
	</datafield>
	<datafield ind1=" " ind2=" " tag="919">
		<subfield code="a">(Zielgruppe)ab 10 Jahren</subfield>
	</datafield>
	<datafield ind1=" " ind2=" " tag="930">
		<subfield code="a">(DNB) 1027864406</subfield>
	</datafield>
	<datafield ind1=" " ind2=" " tag="973">
		<subfield code="a">vsbcvb</subfield>
	</datafield>
	<datafield ind1=" " ind2=" " tag="986">
		<subfield code="2">skj</subfield>
		<subfield code="a">Hörbuch</subfield>
	</datafield>
	<datafield ind1=" " ind2=" " tag="986">
		<subfield code="2">cdu-vsbcvb</subfield>
		<subfield code="a">AROL</subfield>
	</datafield>
</record>