

<record>
	<leader>02069nas a22005417a 4500</leader>
	<controlfield tag="001">REROILS:290</controlfield>
	<controlfield tag="003">RERO</controlfield>
	<controlfield tag="005">20201019183600.0</controlfield>
	<controlfield tag="006">m    |</controlfield>
	<controlfield tag="007">c|</controlfield>
	<controlfield tag="008">101118c20039999lu |||p|  ||||0 |  |eng d</controlfield>
	<datafield ind1=" " ind2=" " tag="022">
		<subfield code="a">1831-421X</subfield>
	</datafield>
	<datafield ind1=" " ind2=" " tag="024">
		<subfield code="a">10.2779/48170</subfield>
	</datafield>
	<datafield ind1=" " ind2=" " tag="035">
		<subfield code="a">R005717371</subfield>
	</datafield>
	<datafield ind1=" " ind2=" " tag="037">
		<subfield code="c">Accès en texte intégral gratuit - laisdc</subfield>
	</datafield>
	<datafield ind1=" " ind2="9" tag="039">
		<subfield code="a">202010191836</subfield>
		<subfield code="b">VLOAD</subfield>
		<subfield code="c">202006291050</subfield>
		<subfield code="d">VLOAD</subfield>
		<subfield code="c">201907051227</subfield>
		<subfield code="d">VLOAD</subfield>
		<subfield code="c">201705300911</subfield>
		<subfield code="d">VLOAD</subfield>
		<subfield code="y">201011181203</subfield>
		<subfield code="z">8713</subfield>
	</datafield>
	<datafield ind1=" " ind2=" " tag="040">
		<subfield code="a">RERO ifisdc</subfield>
		<subfield code="d">BNE</subfield>
		<subfield code="d">HEBIS</subfield>
		<subfield code="d">LOC</subfield>
	</datafield>
	<datafield ind1=" " ind2="0" tag="050">
		<subfield code="a">GE190.E85</subfield>
		<subfield code="b">E55</subfield>
	</datafield>
	<datafield ind1=" " ind2="7" tag="072">
		<subfield code="a">s1ur</subfield>
		<subfield code="2">rero</subfield>
	</datafield>
	<datafield ind1=" " ind2=" " tag="080">
		<subfield code="a">504.06:351.853(4-672 UE)</subfield>
	</datafield>
	<datafield ind1="0" ind2="0" tag="245">
		<subfield code="a">Environment policy review /</subfield>
		<subfield code="c">European Commission, Environment</subfield>
	</datafield>
	<datafield ind1=" " ind2="1" tag="264">
		<subfield code="a">Luxembourg :</subfield>
		<subfield code="b">Publications Office of the European Union</subfield>
	</datafield>
	<datafield ind1=" " ind2=" " tag="310">
		<subfield code="a">Annuel</subfield>
	</datafield>
	<datafield ind1=" " ind2=" " tag="336">
		<subfield code="b">txt</subfield>
		<subfield code="2">rdacontent</subfield>
	</datafield>
	<datafield ind1=" " ind2=" " tag="337">
		<subfield code="b">c</subfield>
		<subfield code="2">rdamedia</subfield>
	</datafield>
	<datafield ind1=" " ind2=" " tag="338">
		<subfield code="b">cr</subfield>
		<subfield code="2">rdacarrier</subfield>
	</datafield>
	<datafield ind1=" " ind2=" " tag="339">
		<subfield code="a">docmaintype_serial</subfield>
	</datafield>
	<datafield ind1="0" ind2=" " tag="362">
		<subfield code="a">2003-</subfield>
	</datafield>
	<datafield ind1=" " ind2=" " tag="500">
		<subfield code="a">Catalogué d'après la page d'accueil du 18.11.2010</subfield>
	</datafield>
	<datafield ind1=" " ind2=" " tag="500">
		<subfield code="a">Périodique électronique</subfield>
	</datafield>
	<datafield ind1=" " ind2=" " tag="530">
		<subfield code="a">Existe aussi sous forme papier</subfield>
	</datafield>
	<datafield ind1=" " ind2=" " tag="580">
		<subfield code="a">Ed. française: Examen de la politique de l'environnement ... Ed. allemande: Überprufung der Umweltpolitik ...</subfield>
	</datafield>
	<datafield ind1=" " ind2="0" tag="650">
		<subfield code="a">Environmental policy</subfield>
		<subfield code="z">European Union countries</subfield>
	</datafield>
	<datafield ind1="2" ind2=" " tag="710">
		<subfield code="a">Union européenne.</subfield>
		<subfield code="b">Commission</subfield>
	</datafield>
	<datafield ind1="2" ind2=" " tag="710">
		<subfield code="a">Agence européenne pour l'environnement</subfield>
	</datafield>
	<datafield ind1="1" ind2=" " tag="775">
		<subfield code="t">Examen de la politique de l'environnement ...</subfield>
	</datafield>
	<datafield ind1="1" ind2=" " tag="775">
		<subfield code="t">Überprufung der Umweltpolitik ...</subfield>
	</datafield>
	<datafield ind1="1" ind2=" " tag="776">
		<subfield code="t">Environment policy review</subfield>
	</datafield>
	<datafield ind1="4" ind2="0" tag="856">
		<subfield code="u">http://ec.europa.eu/environment/policyreview.htm</subfield>
	</datafield>
	<datafield ind1=" " ind2=" " tag="900">
		<subfield code="a">noselfmerge</subfield>
	</datafield>
	<datafield ind1=" " ind2=" " tag="903">
		<subfield code="a">nwisdc</subfield>
		<subfield code="b">1011</subfield>
	</datafield>
	<datafield ind1=" " ind2=" " tag="919">
		<subfield code="a">Países de la Unión Europea</subfield>
		<subfield code="x">Política ambiental</subfield>
	</datafield>
	<datafield ind1=" " ind2=" " tag="919">
		<subfield code="a">EU-Staaten</subfield>
		<subfield code="2">stw</subfield>
	</datafield>
	<datafield ind1=" " ind2=" " tag="919">
		<subfield code="a">EU-Umweltpolitik</subfield>
		<subfield code="2">stw</subfield>
	</datafield>
	<datafield ind1=" " ind2=" " tag="919">
		<subfield code="a">Nachhaltige Entwicklung</subfield>
		<subfield code="2">stw</subfield>
	</datafield>
	<datafield ind1=" " ind2=" " tag="953">
		<subfield code="a">ifisdc</subfield>
	</datafield>
	<datafield ind1=" " ind2=" " tag="980">
		<subfield code="2">dr-sys</subfield>
		<subfield code="a">FA 59 f</subfield>
	</datafield>
</record>