

<record>
	<leader>01875nam a22004337a 4500</leader>
	<controlfield tag="001">REROILS:40</controlfield>
	<controlfield tag="003">RERO</controlfield>
	<controlfield tag="005">20180828125400.0</controlfield>
	<controlfield tag="008">000922s1999    gw ||| |  ||||00|  |ger d</controlfield>
	<datafield ind1=" " ind2=" " tag="020">
		<subfield code="a">9783631353783</subfield>
	</datafield>
	<datafield ind1=" " ind2=" " tag="035">
		<subfield code="a">R270732560</subfield>
	</datafield>
	<datafield ind1=" " ind2=" " tag="039">
		<subfield code="b">0104</subfield>
		<subfield code="b">0104i</subfield>
	</datafield>
	<datafield ind1=" " ind2="9" tag="039">
		<subfield code="a">201808281254</subfield>
		<subfield code="b">VLOAD</subfield>
		<subfield code="c">201706111219</subfield>
		<subfield code="d">VLOAD</subfield>
		<subfield code="c">200812210824</subfield>
		<subfield code="d">VLOAD</subfield>
		<subfield code="c">200406160816</subfield>
		<subfield code="d">VLOAD</subfield>
		<subfield code="y">200009221730</subfield>
		<subfield code="z">VLOAD</subfield>
	</datafield>
	<datafield ind1=" " ind2=" " tag="040">
		<subfield code="a">RERO frbcuc</subfield>
	</datafield>
	<datafield ind1=" " ind2="7" tag="072">
		<subfield code="a">s1pe</subfield>
		<subfield code="2">rero</subfield>
	</datafield>
	<datafield ind1="1" ind2=" " tag="100">
		<subfield code="a">Max, Charles</subfield>
		<subfield code="4">cre</subfield>
		<subfield code="0">(IDREF)234193093</subfield>
	</datafield>
	<datafield ind1="1" ind2="0" tag="245">
		<subfield code="a">Entwicklung von Kompetenz - ein neues Paradigma für das Lernen in Schule und Arbeitswelt : Ertrag und Perspektiven der französischsprachigen Kompetenzforschung und ihre Bedeutung als Gestaltungsprinzip von Bildung /</subfield>
		<subfield code="c">Charles Max</subfield>
	</datafield>
	<datafield ind1=" " ind2="1" tag="264">
		<subfield code="a">Frankfurt am Main :</subfield>
		<subfield code="b">P. Lang,</subfield>
		<subfield code="c">[1999]</subfield>
	</datafield>
	<datafield ind1=" " ind2="4" tag="264">
		<subfield code="c">© 1999</subfield>
	</datafield>
	<datafield ind1=" " ind2=" " tag="300">
		<subfield code="a">506 S. :</subfield>
		<subfield code="b">Abb. ;</subfield>
		<subfield code="c">21 cm</subfield>
	</datafield>
	<datafield ind1=" " ind2=" " tag="336">
		<subfield code="b">txt</subfield>
		<subfield code="2">rdacontent</subfield>
	</datafield>
	<datafield ind1=" " ind2=" " tag="337">
		<subfield code="b">n</subfield>
		<subfield code="2">rdamedia</subfield>
	</datafield>
	<datafield ind1=" " ind2=" " tag="338">
		<subfield code="b">nc</subfield>
		<subfield code="2">rdacarrier</subfield>
	</datafield>
	<datafield ind1=" " ind2=" " tag="339">
		<subfield code="a">docmaintype_book</subfield>
		<subfield code="b">docsubtype_other_book</subfield>
	</datafield>
	<datafield ind1="1" ind2=" " tag="490">
		<subfield code="a">Europäische Hochschulschriften. Reihe 11, Pädagogik</subfield>
		<subfield code="v">Bd. 796</subfield>
	</datafield>
	<datafield ind1=" " ind2=" " tag="500">
		<subfield code="a">Buchhandelsausg. der Diss. Frankfurt (Main), 1999</subfield>
	</datafield>
	<datafield ind1=" " ind2="7" tag="650">
		<subfield code="a">compétence - développement</subfield>
		<subfield code="2">rerovoc</subfield>
	</datafield>
	<datafield ind1=" " ind2="7" tag="650">
		<subfield code="a">Enseignement</subfield>
		<subfield code="2">rero</subfield>
	</datafield>
	<datafield ind1=" " ind2="7" tag="650">
		<subfield code="a">Français (langue)</subfield>
		<subfield code="2">rero</subfield>
	</datafield>
	<datafield ind1=" " ind2="7" tag="650">
		<subfield code="a">Psychologie de l'éducation</subfield>
		<subfield code="2">rero</subfield>
	</datafield>
	<datafield ind1=" " ind2="7" tag="650">
		<subfield code="a">Travail</subfield>
		<subfield code="2">rero</subfield>
	</datafield>
	<datafield ind1=" " ind2="7" tag="650">
		<subfield code="a">Sociologie</subfield>
		<subfield code="2">rero</subfield>
	</datafield>
	<datafield ind1=" " ind2="7" tag="650">
		<subfield code="a">Apprentissage</subfield>
		<subfield code="2">rero</subfield>
	</datafield>
	<datafield ind1=" " ind2="0" tag="830">
		<subfield code="a">Europäische Hochschulschriften.</subfield>
		<subfield code="p">Reihe 11, Pädagogik = Publications universitaires européennes. Série 11, Pédagogie = European university papers. Series 11, Education</subfield>
		<subfield code="v">796</subfield>
		<subfield code="w">REROILS:205</subfield>
	</datafield>
	<datafield ind1=" " ind2=" " tag="900">
		<subfield code="a">noselfmerge</subfield>
	</datafield>
	<datafield ind1=" " ind2=" " tag="919">
		<subfield code="9">650 _7</subfield>
		<subfield code="a">apprentissage (psychologie)</subfield>
		<subfield code="x">compétence - développement</subfield>
		<subfield code="x">enseignement</subfield>
		<subfield code="x">français (langue)</subfield>
		<subfield code="2">chrero</subfield>
	</datafield>
	<datafield ind1=" " ind2=" " tag="919">
		<subfield code="9">650 _7</subfield>
		<subfield code="a">compétence - développement</subfield>
		<subfield code="x">français (langue)</subfield>
		<subfield code="x">psychologie de l'éducation</subfield>
		<subfield code="x">travail</subfield>
		<subfield code="x">* sociologie</subfield>
		<subfield code="2">chrero</subfield>
	</datafield>
	<datafield ind1=" " ind2=" " tag="956">
		<subfield code="a">frbcuc</subfield>
	</datafield>
	<datafield ind1=" " ind2=" " tag="981">
		<subfield code="2">SPAED</subfield>
		<subfield code="a">L-2</subfield>
	</datafield>
</record>