

<record>
	<leader>00983nam a2200301 a 4500</leader>
	<controlfield tag="001">REROILS:167</controlfield>
	<controlfield tag="003">RERO</controlfield>
	<controlfield tag="005">20180630124200.0</controlfield>
	<controlfield tag="008">960525s1971    sz |||||| ||||00|| |fre d</controlfield>
	<datafield ind1="7" ind2=" " tag="024">
		<subfield code="a">http://catalogue.bnf.fr/ark:/12148/cb354245862</subfield>
		<subfield code="2">uri</subfield>
	</datafield>
	<datafield ind1=" " ind2=" " tag="035">
		<subfield code="a">0000399</subfield>
	</datafield>
	<datafield ind1=" " ind2="9" tag="039">
		<subfield code="a">201806301242</subfield>
		<subfield code="b">VLOAD</subfield>
		<subfield code="c">201705151412</subfield>
		<subfield code="d">VLOAD</subfield>
		<subfield code="c">201703270930</subfield>
		<subfield code="d">VLOAD</subfield>
		<subfield code="c">201511031709</subfield>
		<subfield code="d">8262</subfield>
		<subfield code="y">1999022709480000</subfield>
		<subfield code="z">load</subfield>
	</datafield>
	<datafield ind1=" " ind2=" " tag="040">
		<subfield code="a">RERO</subfield>
	</datafield>
	<datafield ind1=" " ind2=" " tag="044">
		<subfield code="a">sz</subfield>
		<subfield code="c">ch-vd</subfield>
	</datafield>
	<datafield ind1=" " ind2="7" tag="072">
		<subfield code="a">s1an</subfield>
		<subfield code="2">rero</subfield>
	</datafield>
	<datafield ind1="1" ind2=" " tag="100">
		<subfield code="a">Bromfield, Louis</subfield>
		<subfield code="4">cre</subfield>
	</datafield>
	<datafield ind1="1" ind2="0" tag="245">
		<subfield code="a">Colorado.</subfield>
		<subfield code="c">(Trad. de l'anglais par Simone Breuzebosc.)</subfield>
	</datafield>
	<datafield ind1=" " ind2="1" tag="264">
		<subfield code="a">(Lausanne),</subfield>
		<subfield code="b">Ed. Rencontre,</subfield>
		<subfield code="c">[1971]</subfield>
	</datafield>
	<datafield ind1=" " ind2=" " tag="300">
		<subfield code="a">374 p.,</subfield>
		<subfield code="c">21 cm</subfield>
	</datafield>
	<datafield ind1=" " ind2=" " tag="336">
		<subfield code="b">txt</subfield>
		<subfield code="2">rdacontent</subfield>
	</datafield>
	<datafield ind1=" " ind2=" " tag="337">
		<subfield code="b">n</subfield>
		<subfield code="2">rdamedia</subfield>
	</datafield>
	<datafield ind1=" " ind2=" " tag="338">
		<subfield code="b">nc</subfield>
		<subfield code="2">rdacarrier</subfield>
	</datafield>
	<datafield ind1=" " ind2=" " tag="339">
		<subfield code="a">docmaintype_book</subfield>
		<subfield code="b">docsubtype_other_book</subfield>
	</datafield>
	<datafield ind1="1" ind2=" " tag="700">
		<subfield code="a">Breuzebosc, Simone</subfield>
	</datafield>
	<datafield ind1=" " ind2=" " tag="900">
		<subfield code="a">noselfmerge</subfield>
	</datafield>
	<datafield ind1=" " ind2=" " tag="962">
		<subfield code="a">necfbv</subfield>
	</datafield>
	<datafield ind1=" " ind2=" " tag="994">
		<subfield code="a">CFV BROM C</subfield>
		<subfield code="x">--</subfield>
	</datafield>
</record>