

<record>
	<leader>01798naa a2200385 a 4500</leader>
	<controlfield tag="001">REROILS:289</controlfield>
	<controlfield tag="003">RERO</controlfield>
	<controlfield tag="005">20200917055100.0</controlfield>
	<controlfield tag="008">970725s1877    gw ||| |  ||||00|  |ger d</controlfield>
	<datafield ind1=" " ind2=" " tag="019">
		<subfield code="a">Attention champ 933 issu de la migration d'Alexandria à conserver temporairement</subfield>
		<subfield code="9">iftfla/12.2009</subfield>
		<subfield code="5">alexrero</subfield>
	</datafield>
	<datafield ind1=" " ind2=" " tag="019">
		<subfield code="a">Notice issue de la migration Alexandria</subfield>
		<subfield code="9">iftfla/12.2009</subfield>
	</datafield>
	<datafield ind1=" " ind2=" " tag="035">
		<subfield code="a">bv01009844</subfield>
	</datafield>
	<datafield ind1=" " ind2="9" tag="039">
		<subfield code="a">202009170551</subfield>
		<subfield code="b">VLOAD</subfield>
		<subfield code="c">202001211730</subfield>
		<subfield code="d">VLOAD</subfield>
		<subfield code="c">201711272035</subfield>
		<subfield code="d">VLOAD</subfield>
		<subfield code="c">201711271654</subfield>
		<subfield code="d">VLOAD</subfield>
		<subfield code="y">200912101840</subfield>
		<subfield code="z">VLOAD</subfield>
	</datafield>
	<datafield ind1=" " ind2=" " tag="040">
		<subfield code="a">RERO iftfla</subfield>
	</datafield>
	<datafield ind1=" " ind2="7" tag="072">
		<subfield code="a">s1dr</subfield>
		<subfield code="2">rero</subfield>
	</datafield>
	<datafield ind1="1" ind2=" " tag="100">
		<subfield code="a">Seeger, Hermann</subfield>
		<subfield code="4">cre</subfield>
		<subfield code="0">(IDREF)179898582</subfield>
	</datafield>
	<datafield ind1="1" ind2="4" tag="245">
		<subfield code="a">Die strafrechtlichen consilia Tubingensia von der Gründung der Universität bis zum Jahre 1600 /</subfield>
		<subfield code="c">von Hermann Seeger</subfield>
	</datafield>
	<datafield ind1=" " ind2="1" tag="264">
		<subfield code="a">[Lieu de publication non identifié] :</subfield>
		<subfield code="b">[éditeur non identifié],</subfield>
		<subfield code="c">1877</subfield>
	</datafield>
	<datafield ind1=" " ind2="3" tag="264">
		<subfield code="a">Tübingen :</subfield>
		<subfield code="b">L. F. Fues</subfield>
	</datafield>
	<datafield ind1=" " ind2=" " tag="300">
		<subfield code="a">103 S.</subfield>
	</datafield>
	<datafield ind1=" " ind2=" " tag="336">
		<subfield code="b">txt</subfield>
		<subfield code="2">rdacontent</subfield>
	</datafield>
	<datafield ind1=" " ind2=" " tag="337">
		<subfield code="b">n</subfield>
		<subfield code="2">rdamedia</subfield>
	</datafield>
	<datafield ind1=" " ind2=" " tag="338">
		<subfield code="b">nc</subfield>
		<subfield code="2">rdacarrier</subfield>
	</datafield>
	<datafield ind1=" " ind2=" " tag="339">
		<subfield code="a">docmaintype_article</subfield>
	</datafield>
	<datafield ind1=" " ind2=" " tag="580">
		<subfield code="a">Aus: Zur vierten Säcularfeier der Universität Tübingen im Sommer 1877 : Festprogramm der juristischen Facultät. - Tübingen : Druck von Ludwig Friedrich Fues, 1877</subfield>
	</datafield>
	<datafield ind1=" " ind2=" " tag="580">
		<subfield code="a">In: Zur vierten Säcularfeier der Universität Tübingen im Sommer 1877. - Tübingen, 1877</subfield>
	</datafield>
	<datafield ind1=" " ind2="7" tag="650">
		<subfield code="a">Rechtsgeschichte</subfield>
		<subfield code="2">jurivoc</subfield>
		<subfield code="9">ger</subfield>
	</datafield>
	<datafield ind1=" " ind2="7" tag="651">
		<subfield code="a">Deutschland</subfield>
		<subfield code="2">jurivoc</subfield>
		<subfield code="9">ger</subfield>
	</datafield>
	<datafield ind1="1" ind2=" " tag="773">
		<subfield code="t">Zur vierten Säcularfeier der Universität Tübingen im Sommer 1877</subfield>
		<subfield code="g">Tübingen, 1877</subfield>
	</datafield>
	<datafield ind1=" " ind2="4" tag="900">
		<subfield code="a">Attention : indexation ajuri convertie en jurivoc [iftfla/08.2014]</subfield>
	</datafield>
	<datafield ind1=" " ind2=" " tag="903">
		<subfield code="a">tflien</subfield>
		<subfield code="b">0</subfield>
		<subfield code="c">bv079146660</subfield>
	</datafield>
	<datafield ind1=" " ind2=" " tag="933">
		<subfield code="a">bv079146660</subfield>
		<subfield code="9">iftfla</subfield>
	</datafield>
	<datafield ind1=" " ind2=" " tag="933">
		<subfield code="s">Zur vierten Säcularfeier der Universität Tübingen im Sommer 1877</subfield>
		<subfield code="g">Tübingen, 1877</subfield>
		<subfield code="5">alexrero</subfield>
	</datafield>
	<datafield ind1=" " ind2=" " tag="953">
		<subfield code="a">iftfla</subfield>
	</datafield>
	<datafield ind1=" " ind2=" " tag="983">
		<subfield code="2">iftfla</subfield>
		<subfield code="a">TFLa F 1/116</subfield>
	</datafield>
</record>