

<record>
	<leader>02080nam a2200577 a 4500</leader>
	<controlfield tag="001">REROILS:168</controlfield>
	<controlfield tag="003">RERO</controlfield>
	<controlfield tag="005">20180828105600.0</controlfield>
	<controlfield tag="008">010124s1999    sp ||| |  ||||00|  |spa d</controlfield>
	<datafield ind1=" " ind2=" " tag="020">
		<subfield code="a">8495379015 (vol. 1)</subfield>
	</datafield>
	<datafield ind1=" " ind2=" " tag="020">
		<subfield code="a">8495379023 (vol. 2)</subfield>
	</datafield>
	<datafield ind1=" " ind2=" " tag="020">
		<subfield code="a">8495379031 (vol. 3)</subfield>
	</datafield>
	<datafield ind1="7" ind2=" " tag="024">
		<subfield code="a">http://catalogue.bnf.fr/ark:/12148/cb37717004t</subfield>
		<subfield code="2">uri</subfield>
	</datafield>
	<datafield ind1=" " ind2=" " tag="035">
		<subfield code="a">R266382160</subfield>
	</datafield>
	<datafield ind1=" " ind2=" " tag="039">
		<subfield code="b">8046</subfield>
		<subfield code="b">8014i</subfield>
	</datafield>
	<datafield ind1=" " ind2="9" tag="039">
		<subfield code="a">201808281056</subfield>
		<subfield code="b">VLOAD</subfield>
		<subfield code="c">201706111105</subfield>
		<subfield code="d">VLOAD</subfield>
		<subfield code="c">201505221718</subfield>
		<subfield code="d">4401</subfield>
		<subfield code="c">201305161535</subfield>
		<subfield code="d">4213</subfield>
		<subfield code="y">200009141740</subfield>
		<subfield code="z">VLOAD</subfield>
	</datafield>
	<datafield ind1=" " ind2=" " tag="040">
		<subfield code="a">RERO labcud</subfield>
	</datafield>
	<datafield ind1=" " ind2="7" tag="072">
		<subfield code="a">s1ht</subfield>
		<subfield code="2">rero</subfield>
	</datafield>
	<datafield ind1="0" ind2="0" tag="245">
		<subfield code="a">Un siglo de España</subfield>
	</datafield>
	<datafield ind1=" " ind2="1" tag="264">
		<subfield code="a">Madrid [etc.] :</subfield>
		<subfield code="b">Marcial Pons,</subfield>
		<subfield code="c">1999</subfield>
	</datafield>
	<datafield ind1=" " ind2=" " tag="300">
		<subfield code="a">3 vol. :</subfield>
		<subfield code="b">tabl., diagr. ;</subfield>
		<subfield code="c">21 cm</subfield>
	</datafield>
	<datafield ind1=" " ind2=" " tag="336">
		<subfield code="b">txt</subfield>
		<subfield code="2">rdacontent</subfield>
	</datafield>
	<datafield ind1=" " ind2=" " tag="337">
		<subfield code="b">n</subfield>
		<subfield code="2">rdamedia</subfield>
	</datafield>
	<datafield ind1=" " ind2=" " tag="338">
		<subfield code="b">nc</subfield>
		<subfield code="2">rdacarrier</subfield>
	</datafield>
	<datafield ind1=" " ind2=" " tag="339">
		<subfield code="a">docmaintype_book</subfield>
		<subfield code="b">docsubtype_other_book</subfield>
	</datafield>
	<datafield ind1="1" ind2=" " tag="490">
		<subfield code="a">Historia</subfield>
	</datafield>
	<datafield ind1="0" ind2=" " tag="505">
		<subfield code="a">Vol. 1: La cultura / Juan Pablo Fusi</subfield>
	</datafield>
	<datafield ind1="0" ind2=" " tag="505">
		<subfield code="a">Vol. 2: La economía / José Luis García Delgado, Juan Carlos Jiménez</subfield>
	</datafield>
	<datafield ind1="0" ind2=" " tag="505">
		<subfield code="a">Vol. 3: Política y sociedad / Santos Juliá</subfield>
	</datafield>
	<datafield ind1=" " ind2="7" tag="650">
		<subfield code="a">Culture</subfield>
		<subfield code="2">rero</subfield>
	</datafield>
	<datafield ind1=" " ind2="7" tag="650">
		<subfield code="a">20e siècle</subfield>
		<subfield code="2">rero</subfield>
	</datafield>
	<datafield ind1=" " ind2="7" tag="650">
		<subfield code="a">politique</subfield>
		<subfield code="2">rerovoc</subfield>
	</datafield>
	<datafield ind1=" " ind2="7" tag="650">
		<subfield code="a">société (milieu humain)</subfield>
		<subfield code="2">rerovoc</subfield>
	</datafield>
	<datafield ind1=" " ind2="7" tag="650">
		<subfield code="a">Conditions économiques</subfield>
		<subfield code="2">rero</subfield>
	</datafield>
	<datafield ind1=" " ind2="7" tag="651">
		<subfield code="a">Espagne</subfield>
		<subfield code="2">rero</subfield>
		<subfield code="0">(IDREF)027224406</subfield>
	</datafield>
	<datafield ind1="1" ind2=" " tag="700">
		<subfield code="a">Fusi Aizpurúa, Juan Pablo,</subfield>
		<subfield code="d">1945-</subfield>
		<subfield code="0">(IDREF)029240808</subfield>
	</datafield>
	<datafield ind1="1" ind2=" " tag="700">
		<subfield code="a">García Delgado, José Luis</subfield>
		<subfield code="0">(IDREF)028802705</subfield>
	</datafield>
	<datafield ind1="1" ind2=" " tag="700">
		<subfield code="a">Jiménez, Juan Carlos</subfield>
		<subfield code="0">(IDREF)033095027</subfield>
	</datafield>
	<datafield ind1="1" ind2=" " tag="700">
		<subfield code="a">Juliá, Santos</subfield>
	</datafield>
	<datafield ind1=" " ind2="0" tag="830">
		<subfield code="a">Historia.</subfield>
		<subfield code="p">Marcial Pons</subfield>
		<subfield code="w">REROILS:2000069</subfield>
	</datafield>
	<datafield ind1=" " ind2=" " tag="900">
		<subfield code="a">noselfmerge</subfield>
	</datafield>
	<datafield ind1=" " ind2=" " tag="901">
		<subfield code="a">LAR BLL</subfield>
		<subfield code="b">2007/06</subfield>
		<subfield code="c">SLE</subfield>
	</datafield>
	<datafield ind1=" " ind2=" " tag="904">
		<subfield code="a">neubflna</subfield>
		<subfield code="b">2001/01</subfield>
	</datafield>
	<datafield ind1=" " ind2=" " tag="919">
		<subfield code="9">650 _7</subfield>
		<subfield code="a">culture</subfield>
		<subfield code="z">Espagne</subfield>
		<subfield code="y">20e s.</subfield>
		<subfield code="2">chrero</subfield>
	</datafield>
	<datafield ind1=" " ind2=" " tag="919">
		<subfield code="9">650 _7</subfield>
		<subfield code="a">économie</subfield>
		<subfield code="z">Espagne</subfield>
		<subfield code="y">20e s.</subfield>
		<subfield code="2">chrero</subfield>
	</datafield>
	<datafield ind1=" " ind2=" " tag="919">
		<subfield code="9">650 _7</subfield>
		<subfield code="a">politique</subfield>
		<subfield code="z">Espagne</subfield>
		<subfield code="y">20e s.</subfield>
		<subfield code="2">chrero</subfield>
	</datafield>
	<datafield ind1=" " ind2=" " tag="919">
		<subfield code="9">650 _7</subfield>
		<subfield code="a">société (milieu humain)</subfield>
		<subfield code="z">Espagne</subfield>
		<subfield code="y">20e s.</subfield>
		<subfield code="2">chrero</subfield>
	</datafield>
	<datafield ind1=" " ind2=" " tag="956">
		<subfield code="a">frbcuc</subfield>
	</datafield>
	<datafield ind1=" " ind2=" " tag="962">
		<subfield code="a">neubfl</subfield>
	</datafield>
	<datafield ind1=" " ind2=" " tag="981">
		<subfield code="2">CDU</subfield>
		<subfield code="a">946&quot;19&quot;</subfield>
	</datafield>
</record>