

<record>
	<leader>02118nam a2200469 a 4500</leader>
	<controlfield tag="001">REROILS:217</controlfield>
	<controlfield tag="003">RERO</controlfield>
	<controlfield tag="005">20180831200800.0</controlfield>
	<controlfield tag="008">070518s2006    sz ||| |  ||||00|  |fre d</controlfield>
	<datafield ind1=" " ind2=" " tag="020">
		<subfield code="a">9783938821299</subfield>
	</datafield>
	<datafield ind1=" " ind2=" " tag="020">
		<subfield code="a">9783938821299 (Verlag für Moderne Kunst, Nürnberg)</subfield>
	</datafield>
	<datafield ind1="7" ind2=" " tag="024">
		<subfield code="a">http://catalogue.bnf.fr/ark:/12148/cb41415893r</subfield>
		<subfield code="2">uri</subfield>
	</datafield>
	<datafield ind1=" " ind2=" " tag="035">
		<subfield code="a">R004411790</subfield>
	</datafield>
	<datafield ind1=" " ind2="7" tag="039">
		<subfield code="b">6201</subfield>
	</datafield>
	<datafield ind1=" " ind2="9" tag="039">
		<subfield code="a">201808312008</subfield>
		<subfield code="b">VLOAD</subfield>
		<subfield code="c">201807060026</subfield>
		<subfield code="d">VLOAD</subfield>
		<subfield code="c">201706110443</subfield>
		<subfield code="d">VLOAD</subfield>
		<subfield code="c">201605241448</subfield>
		<subfield code="d">8589</subfield>
		<subfield code="y">200705181706</subfield>
		<subfield code="z">6201</subfield>
	</datafield>
	<datafield ind1=" " ind2=" " tag="040">
		<subfield code="a">SLB</subfield>
		<subfield code="d">RERO gevbaa</subfield>
	</datafield>
	<datafield ind1="0" ind2=" " tag="041">
		<subfield code="a">fre</subfield>
		<subfield code="a">ger</subfield>
	</datafield>
	<datafield ind1=" " ind2=" " tag="044">
		<subfield code="a">sz</subfield>
		<subfield code="c">ch-be</subfield>
	</datafield>
	<datafield ind1=" " ind2="7" tag="072">
		<subfield code="a">s1ba</subfield>
		<subfield code="2">rero</subfield>
	</datafield>
	<datafield ind1="0" ind2="0" tag="245">
		<subfield code="a">Stefan Banz - laugh. I nearly died :</subfield>
		<subfield code="b">installations 1992-2006 /</subfield>
		<subfield code="c">[Hrsg.: Dolores Denaro] ; [Texte: Dolores Denaro... et al.]</subfield>
	</datafield>
	<datafield ind1=" " ind2="1" tag="264">
		<subfield code="a">Biel/Bienne :</subfield>
		<subfield code="b">Centre PasquArt ;</subfield>
		<subfield code="a">Nürnberg :</subfield>
		<subfield code="b">Verlag für Moderne Kunst ;</subfield>
		<subfield code="a">Manchester :</subfield>
		<subfield code="b">distrib. in the United Kingdom : Cornerhouse Publications [etc.],</subfield>
		<subfield code="c">[2006]</subfield>
	</datafield>
	<datafield ind1=" " ind2="4" tag="264">
		<subfield code="c">© 2006</subfield>
	</datafield>
	<datafield ind1=" " ind2=" " tag="300">
		<subfield code="a">119 S. :</subfield>
		<subfield code="b">Ill. ;</subfield>
		<subfield code="c">23 cm</subfield>
	</datafield>
	<datafield ind1=" " ind2=" " tag="336">
		<subfield code="b">txt</subfield>
		<subfield code="2">rdacontent</subfield>
	</datafield>
	<datafield ind1=" " ind2=" " tag="337">
		<subfield code="b">n</subfield>
		<subfield code="2">rdamedia</subfield>
	</datafield>
	<datafield ind1=" " ind2=" " tag="338">
		<subfield code="b">nc</subfield>
		<subfield code="2">rdacarrier</subfield>
	</datafield>
	<datafield ind1=" " ind2=" " tag="339">
		<subfield code="a">docmaintype_book</subfield>
		<subfield code="b">docsubtype_other_book</subfield>
	</datafield>
	<datafield ind1=" " ind2=" " tag="500">
		<subfield code="a">Ouvrage bilingue français et allemand édité à l'occasion de l'exposition présentée au Centre PasquART, Bienne, du 22 janvier au 19 mars 2006</subfield>
	</datafield>
	<datafield ind1="1" ind2="7" tag="600">
		<subfield code="a">Banz, Stéphane</subfield>
		<subfield code="2">rero</subfield>
	</datafield>
	<datafield ind1=" " ind2="7" tag="650">
		<subfield code="a">1992-2006</subfield>
		<subfield code="2">rero</subfield>
	</datafield>
	<datafield ind1=" " ind2="7" tag="655">
		<subfield code="a">[Catalogues d'exposition]</subfield>
		<subfield code="2">rero</subfield>
	</datafield>
	<datafield ind1="1" ind2=" " tag="700">
		<subfield code="a">Banz, Stefan</subfield>
		<subfield code="0">(IDREF)085817627</subfield>
	</datafield>
	<datafield ind1="1" ind2=" " tag="700">
		<subfield code="a">Denaro, Dolores</subfield>
		<subfield code="0">(IDREF)069761124</subfield>
	</datafield>
	<datafield ind1="2" ind2=" " tag="710">
		<subfield code="a">Centre PasquART (Bienne)</subfield>
		<subfield code="0">(IDREF)06949665X</subfield>
	</datafield>
	<datafield ind1=" " ind2=" " tag="900">
		<subfield code="a">noselfmerge</subfield>
	</datafield>
	<datafield ind1=" " ind2=" " tag="902">
		<subfield code="a">gevbaa</subfield>
		<subfield code="b">2007/07</subfield>
		<subfield code="c">520</subfield>
	</datafield>
	<datafield ind1=" " ind2=" " tag="919">
		<subfield code="a">Banz, Stefan</subfield>
		<subfield code="x">Installation &lt;Kunst&gt;</subfield>
		<subfield code="y">Geschichte 1992-2006</subfield>
		<subfield code="v">Ausstellung</subfield>
		<subfield code="z">Biel &lt;Bern, 2006&gt;</subfield>
		<subfield code="2">SWD</subfield>
	</datafield>
	<datafield ind1=" " ind2=" " tag="919">
		<subfield code="a">Installation &lt;Kunst&gt;</subfield>
		<subfield code="x">Banz, Stefan</subfield>
		<subfield code="y">Geschichte 1992-2006</subfield>
		<subfield code="v">Ausstellung</subfield>
		<subfield code="z">Biel &lt;Bern, 2006&gt;</subfield>
		<subfield code="2">SWD</subfield>
	</datafield>
	<datafield ind1=" " ind2=" " tag="919">
		<subfield code="9">600 17</subfield>
		<subfield code="a">Banz, Stéphane</subfield>
		<subfield code="y">1992 / 2006</subfield>
		<subfield code="v">[catalogue d'exposition]</subfield>
		<subfield code="2">chrero</subfield>
	</datafield>
	<datafield ind1=" " ind2=" " tag="957">
		<subfield code="a">gevbaa</subfield>
	</datafield>
	<datafield ind1=" " ind2=" " tag="992">
		<subfield code="a">BAA E 2006 BANZ</subfield>
		<subfield code="x">ge/vbaa/a/2007/12829-2</subfield>
	</datafield>
</record>