

<record>
	<leader>01086naa a2200301 a 4500</leader>
	<controlfield tag="001">REROILS:246</controlfield>
	<controlfield tag="003">RERO</controlfield>
	<controlfield tag="005">20170531085800.0</controlfield>
	<controlfield tag="008">110605s1983    xx ||| |  ||||00|  |fre d</controlfield>
	<datafield ind1=" " ind2=" " tag="019">
		<subfield code="a">Notice migrée du catalogue de la BASt-Maurice</subfield>
		<subfield code="9">vsbasm/11.2012</subfield>
	</datafield>
	<datafield ind1=" " ind2=" " tag="035">
		<subfield code="a">R006421229</subfield>
	</datafield>
	<datafield ind1=" " ind2="9" tag="039">
		<subfield code="a">201705310858</subfield>
		<subfield code="b">VLOAD</subfield>
		<subfield code="y">201212080854</subfield>
		<subfield code="z">VLOAD</subfield>
	</datafield>
	<datafield ind1=" " ind2=" " tag="040">
		<subfield code="a">RERO vsbasm</subfield>
	</datafield>
	<datafield ind1=" " ind2="7" tag="072">
		<subfield code="a">s1zz</subfield>
		<subfield code="2">rero</subfield>
	</datafield>
	<datafield ind1="1" ind2=" " tag="100">
		<subfield code="a">Cassina, Gaëtan</subfield>
		<subfield code="4">cre</subfield>
	</datafield>
	<datafield ind1="1" ind2="0" tag="245">
		<subfield code="a">Qui a vu un meuble d'Alexandre Mayer ? :</subfield>
		<subfield code="b">un ébéniste souabe en Bas-Valais : 1670-1710 /</subfield>
		<subfield code="c">Gaëtan Cassina</subfield>
	</datafield>
	<datafield ind1=" " ind2="1" tag="264">
		<subfield code="a">[Lieu de publication non identifié] :</subfield>
		<subfield code="b">[Nos monuments d'art et d'histoire],</subfield>
		<subfield code="c">[1983?]</subfield>
	</datafield>
	<datafield ind1=" " ind2=" " tag="300">
		<subfield code="a">P. 323-331</subfield>
	</datafield>
	<datafield ind1=" " ind2=" " tag="336">
		<subfield code="b">txt</subfield>
		<subfield code="2">rdacontent</subfield>
	</datafield>
	<datafield ind1=" " ind2=" " tag="337">
		<subfield code="b">n</subfield>
		<subfield code="2">rdamedia</subfield>
	</datafield>
	<datafield ind1=" " ind2=" " tag="338">
		<subfield code="b">nc</subfield>
		<subfield code="2">rdacarrier</subfield>
	</datafield>
	<datafield ind1=" " ind2=" " tag="339">
		<subfield code="a">docmaintype_article</subfield>
	</datafield>
	<datafield ind1=" " ind2=" " tag="500">
		<subfield code="a">Photocopies</subfield>
	</datafield>
	<datafield ind1=" " ind2=" " tag="500">
		<subfield code="a">Texte publié pour les 70 ans d'André Donnet dans: &quot;Nos monuments d'art et d'histoire&quot;, 1983, Année 34, no 3, p. 322-331</subfield>
	</datafield>
	<datafield ind1="1" ind2=" " tag="700">
		<subfield code="a">Mayer, Alexandre,</subfield>
		<subfield code="c">ébéniste</subfield>
	</datafield>
	<datafield ind1=" " ind2=" " tag="900">
		<subfield code="a">noselfmerge</subfield>
	</datafield>
	<datafield ind1=" " ind2=" " tag="936">
		<subfield code="a">basmBM44820</subfield>
	</datafield>
	<datafield ind1=" " ind2=" " tag="973">
		<subfield code="a">vsbasm</subfield>
	</datafield>
	<datafield ind1=" " ind2=" " tag="986">
		<subfield code="2">cdu-vsbasm</subfield>
		<subfield code="a">SM 02.10 QUI31</subfield>
	</datafield>
</record>