

<record>
	<leader>01056nam a2200325 a 4500</leader>
	<controlfield tag="001">REROILS:113</controlfield>
	<controlfield tag="003">RERO</controlfield>
	<controlfield tag="005">20170925125600.0</controlfield>
	<controlfield tag="008">960525s1981    fr |||||| ||||00|| |fre d</controlfield>
	<datafield ind1=" " ind2=" " tag="020">
		<subfield code="a">9782715710283</subfield>
	</datafield>
	<datafield ind1="7" ind2=" " tag="024">
		<subfield code="a">http://catalogue.bnf.fr/ark:/12148/cb369527784</subfield>
		<subfield code="2">uri</subfield>
	</datafield>
	<datafield ind1=" " ind2=" " tag="035">
		<subfield code="a">0375968</subfield>
	</datafield>
	<datafield ind1=" " ind2="9" tag="039">
		<subfield code="a">201709251256</subfield>
		<subfield code="b">VLOAD</subfield>
		<subfield code="c">201705160916</subfield>
		<subfield code="d">VLOAD</subfield>
		<subfield code="c">200812220736</subfield>
		<subfield code="d">VLOAD</subfield>
		<subfield code="y">1999022718550000</subfield>
		<subfield code="z">load</subfield>
	</datafield>
	<datafield ind1=" " ind2=" " tag="040">
		<subfield code="a">RERO</subfield>
	</datafield>
	<datafield ind1=" " ind2="7" tag="072">
		<subfield code="a">s1dr</subfield>
		<subfield code="2">rero</subfield>
	</datafield>
	<datafield ind1="1" ind2=" " tag="100">
		<subfield code="a">Falque, Edith</subfield>
		<subfield code="4">cre</subfield>
		<subfield code="0">(IDREF)079448860</subfield>
	</datafield>
	<datafield ind1="1" ind2="0" tag="245">
		<subfield code="a">Changer les relations administrés-administrations :</subfield>
		<subfield code="b">le cas des parents d'enfants handicapés /</subfield>
		<subfield code="c">Edith Falque, Jean-Michel Boulesteix</subfield>
	</datafield>
	<datafield ind1=" " ind2="1" tag="264">
		<subfield code="a">Paris :</subfield>
		<subfield code="b">Anthropos,</subfield>
		<subfield code="c">1981</subfield>
	</datafield>
	<datafield ind1=" " ind2=" " tag="300">
		<subfield code="a">165 p. :</subfield>
		<subfield code="b">ill. ;</subfield>
		<subfield code="c">22 cm</subfield>
	</datafield>
	<datafield ind1=" " ind2=" " tag="336">
		<subfield code="b">txt</subfield>
		<subfield code="2">rdacontent</subfield>
	</datafield>
	<datafield ind1=" " ind2=" " tag="337">
		<subfield code="b">n</subfield>
		<subfield code="2">rdamedia</subfield>
	</datafield>
	<datafield ind1=" " ind2=" " tag="338">
		<subfield code="b">nc</subfield>
		<subfield code="2">rdacarrier</subfield>
	</datafield>
	<datafield ind1=" " ind2=" " tag="339">
		<subfield code="a">docmaintype_book</subfield>
		<subfield code="b">docsubtype_other_book</subfield>
	</datafield>
	<datafield ind1=" " ind2=" " tag="504">
		<subfield code="a">Bibliogr</subfield>
	</datafield>
	<datafield ind1="1" ind2=" " tag="700">
		<subfield code="a">Boulesteix, Jean-Michel</subfield>
		<subfield code="0">(IDREF)080269699</subfield>
	</datafield>
	<datafield ind1=" " ind2=" " tag="900">
		<subfield code="a">noselfmerge</subfield>
	</datafield>
	<datafield ind1=" " ind2=" " tag="957">
		<subfield code="a">geubfd</subfield>
	</datafield>
	<datafield ind1=" " ind2=" " tag="980">
		<subfield code="2">dr-sys</subfield>
		<subfield code="a">CA/F 56 h</subfield>
	</datafield>
	<datafield ind1=" " ind2=" " tag="982">
		<subfield code="2">dr-geubfd</subfield>
		<subfield code="a">CA/F 56 h FALQ 1981</subfield>
	</datafield>
	<datafield ind1=" " ind2=" " tag="992">
		<subfield code="a">BFDA 106</subfield>
		<subfield code="x">ge/ubfd/a/81/1655</subfield>
	</datafield>
</record>