

<record>
	<leader>00748cam a2200253 aa4500</leader>
	<controlfield tag="001">REROILS:257</controlfield>
	<controlfield tag="003">RERO</controlfield>
	<controlfield tag="005">20170520221000.0</controlfield>
	<controlfield tag="008">150707m20159999fr |||m|| ||||00|| 0fre d</controlfield>
	<datafield ind1=" " ind2=" " tag="019">
		<subfield code="a">Niveau supérieur !!!</subfield>
		<subfield code="9">vsbcvs/07.2015</subfield>
	</datafield>
	<datafield ind1=" " ind2=" " tag="035">
		<subfield code="a">R008193427</subfield>
	</datafield>
	<datafield ind1=" " ind2="9" tag="039">
		<subfield code="a">201705202210</subfield>
		<subfield code="b">VLOAD</subfield>
		<subfield code="c">201604201803</subfield>
		<subfield code="d">VLOAD</subfield>
		<subfield code="y">201507071102</subfield>
		<subfield code="z">1325</subfield>
	</datafield>
	<datafield ind1=" " ind2=" " tag="040">
		<subfield code="a">a RERO vsbcvs</subfield>
	</datafield>
	<datafield ind1=" " ind2="7" tag="072">
		<subfield code="a">s1fr</subfield>
		<subfield code="2">rero</subfield>
	</datafield>
	<datafield ind1="1" ind2=" " tag="100">
		<subfield code="a">Plas, Alain</subfield>
		<subfield code="4">cre</subfield>
		<subfield code="0">(IDREF)171084896</subfield>
	</datafield>
	<datafield ind1="1" ind2="0" tag="245">
		<subfield code="a">Chasseurs de temps /</subfield>
		<subfield code="c">Alain Plas</subfield>
	</datafield>
	<datafield ind1=" " ind2="1" tag="264">
		<subfield code="a">Paris :</subfield>
		<subfield code="b">Le Pommier,</subfield>
		<subfield code="c">2015-</subfield>
	</datafield>
	<datafield ind1=" " ind2=" " tag="336">
		<subfield code="b">txt</subfield>
		<subfield code="2">rdacontent</subfield>
	</datafield>
	<datafield ind1=" " ind2=" " tag="337">
		<subfield code="b">n</subfield>
		<subfield code="2">rdamedia</subfield>
	</datafield>
	<datafield ind1=" " ind2=" " tag="338">
		<subfield code="b">nc</subfield>
		<subfield code="2">rdacarrier</subfield>
	</datafield>
	<datafield ind1=" " ind2=" " tag="339">
		<subfield code="a">docmaintype_book</subfield>
		<subfield code="b">docsubtype_other_book</subfield>
	</datafield>
	<datafield ind1=" " ind2=" " tag="900">
		<subfield code="a">noselfmerge</subfield>
	</datafield>
	<datafield ind1=" " ind2=" " tag="973">
		<subfield code="a">vsbcvs</subfield>
	</datafield>
</record>