

<record>
	<leader>00659nas a2200241 a 4500</leader>
	<controlfield tag="001">REROILS:126</controlfield>
	<controlfield tag="003">RERO</controlfield>
	<controlfield tag="005">20190705140000.0</controlfield>
	<controlfield tag="008">910621c19899999sp |||m|| ||||0 || 0spa d</controlfield>
	<datafield ind1=" " ind2=" " tag="035">
		<subfield code="a">1393260</subfield>
	</datafield>
	<datafield ind1=" " ind2="9" tag="039">
		<subfield code="a">201907051400</subfield>
		<subfield code="b">VLOAD</subfield>
		<subfield code="c">201705171253</subfield>
		<subfield code="d">VLOAD</subfield>
		<subfield code="c">200605280122</subfield>
		<subfield code="d">VLOAD</subfield>
		<subfield code="y">1999022818330000</subfield>
		<subfield code="z">load</subfield>
	</datafield>
	<datafield ind1=" " ind2=" " tag="040">
		<subfield code="a">RERO labcud</subfield>
	</datafield>
	<datafield ind1=" " ind2="7" tag="072">
		<subfield code="a">s1es</subfield>
		<subfield code="2">rero</subfield>
	</datafield>
	<datafield ind1="0" ind2="3" tag="245">
		<subfield code="a">El dormido en la yerba</subfield>
	</datafield>
	<datafield ind1=" " ind2="1" tag="264">
		<subfield code="a">Málaga :</subfield>
		<subfield code="b">Centro cultural de la generación del 27,</subfield>
		<subfield code="c">1989-&gt;</subfield>
	</datafield>
	<datafield ind1=" " ind2=" " tag="300">
		<subfield code="c">21 cm</subfield>
	</datafield>
	<datafield ind1=" " ind2=" " tag="336">
		<subfield code="b">txt</subfield>
		<subfield code="2">rdacontent</subfield>
	</datafield>
	<datafield ind1=" " ind2=" " tag="337">
		<subfield code="b">n</subfield>
		<subfield code="2">rdamedia</subfield>
	</datafield>
	<datafield ind1=" " ind2=" " tag="338">
		<subfield code="b">nc</subfield>
		<subfield code="2">rdacarrier</subfield>
	</datafield>
	<datafield ind1=" " ind2=" " tag="339">
		<subfield code="a">docmaintype_series</subfield>
	</datafield>
	<datafield ind1="0" ind2=" " tag="362">
		<subfield code="a">1-&gt;</subfield>
	</datafield>
	<datafield ind1=" " ind2=" " tag="900">
		<subfield code="a">noselfmerge</subfield>
	</datafield>
	<datafield ind1=" " ind2=" " tag="900">
		<subfield code="a">reroslsp</subfield>
	</datafield>
</record>