

<record>
	<leader>01764naa a2200493 a 4500</leader>
	<controlfield tag="001">REROILS:22</controlfield>
	<controlfield tag="003">RERO</controlfield>
	<controlfield tag="005">20191108103700.0</controlfield>
	<controlfield tag="008">020301s2001    it ||| |  ||||00|  |ita d</controlfield>
	<datafield ind1=" " ind2=" " tag="035">
		<subfield code="a">R003158524</subfield>
	</datafield>
	<datafield ind1=" " ind2="7" tag="039">
		<subfield code="b">1030</subfield>
	</datafield>
	<datafield ind1=" " ind2="9" tag="039">
		<subfield code="a">201911081037</subfield>
		<subfield code="b">VLOAD</subfield>
		<subfield code="c">201706110634</subfield>
		<subfield code="d">VLOAD</subfield>
		<subfield code="c">201605141350</subfield>
		<subfield code="d">VLOAD</subfield>
		<subfield code="c">201012051204</subfield>
		<subfield code="d">VLOAD</subfield>
		<subfield code="y">200203011004</subfield>
		<subfield code="z">1030</subfield>
	</datafield>
	<datafield ind1=" " ind2=" " tag="040">
		<subfield code="a">RERO vsbcvs</subfield>
	</datafield>
	<datafield ind1=" " ind2="7" tag="072">
		<subfield code="a">s1mu</subfield>
		<subfield code="2">rero</subfield>
	</datafield>
	<datafield ind1="1" ind2=" " tag="100">
		<subfield code="a">Bruhin, Rudolf</subfield>
		<subfield code="4">cre</subfield>
		<subfield code="0">(IDREF)111364388</subfield>
	</datafield>
	<datafield ind1="1" ind2="4" tag="245">
		<subfield code="a">Die solothurner Orgelbauer Aebi /</subfield>
		<subfield code="c">Rudolf Bruhin</subfield>
	</datafield>
	<datafield ind1=" " ind2="1" tag="264">
		<subfield code="a">Bologna :</subfield>
		<subfield code="b">Pàtron ed.,</subfield>
		<subfield code="c">2001</subfield>
	</datafield>
	<datafield ind1=" " ind2=" " tag="300">
		<subfield code="a">[26] p. :</subfield>
		<subfield code="b">ill. ;</subfield>
		<subfield code="c">24 cm</subfield>
	</datafield>
	<datafield ind1=" " ind2=" " tag="336">
		<subfield code="b">txt</subfield>
		<subfield code="2">rdacontent</subfield>
	</datafield>
	<datafield ind1=" " ind2=" " tag="337">
		<subfield code="b">n</subfield>
		<subfield code="2">rdamedia</subfield>
	</datafield>
	<datafield ind1=" " ind2=" " tag="338">
		<subfield code="b">nc</subfield>
		<subfield code="2">rdacarrier</subfield>
	</datafield>
	<datafield ind1=" " ind2=" " tag="339">
		<subfield code="a">docmaintype_article</subfield>
	</datafield>
	<datafield ind1=" " ind2=" " tag="580">
		<subfield code="a">Estratto da: Fiori musicologici : studi in onore di Luigi Ferdinando Tagliavini nella ricorrenza del suo LXX compleanno. - Bologna : Pàtron ed., 2001. - P. 93-118</subfield>
	</datafield>
	<datafield ind1="1" ind2="7" tag="600">
		<subfield code="a">Aebi, Christoph</subfield>
		<subfield code="2">rero</subfield>
	</datafield>
	<datafield ind1="1" ind2="7" tag="600">
		<subfield code="a">Aebi, Jacob</subfield>
		<subfield code="2">rero</subfield>
	</datafield>
	<datafield ind1=" " ind2="7" tag="650">
		<subfield code="a">facteur d'orgue</subfield>
		<subfield code="2">rerovoc</subfield>
	</datafield>
	<datafield ind1=" " ind2="7" tag="650">
		<subfield code="a">Orgue</subfield>
		<subfield code="2">rero</subfield>
	</datafield>
	<datafield ind1=" " ind2="7" tag="650">
		<subfield code="a">17e siècle</subfield>
		<subfield code="2">rero</subfield>
	</datafield>
	<datafield ind1=" " ind2="7" tag="651">
		<subfield code="a">Valais (Suisse)</subfield>
		<subfield code="2">rero</subfield>
	</datafield>
	<datafield ind1="1" ind2=" " tag="773">
		<subfield code="t">Fiori musicologici : studi in onore di Luigi Ferdinando Tagliavini nella ricorrenza del suo LXX compleanno</subfield>
		<subfield code="g">93-118</subfield>
		<subfield code="w">REROILS:2000070</subfield>
	</datafield>
	<datafield ind1=" " ind2=" " tag="900">
		<subfield code="a">noselfmerge</subfield>
	</datafield>
	<datafield ind1=" " ind2=" " tag="906">
		<subfield code="a">valais</subfield>
		<subfield code="b">2002/02</subfield>
	</datafield>
	<datafield ind1=" " ind2=" " tag="906">
		<subfield code="a">bcvs</subfield>
		<subfield code="b">2002/02</subfield>
		<subfield code="c">21</subfield>
	</datafield>
	<datafield ind1=" " ind2=" " tag="906">
		<subfield code="a">bibliogrvs</subfield>
	</datafield>
	<datafield ind1=" " ind2=" " tag="906">
		<subfield code="a">bvs</subfield>
	</datafield>
	<datafield ind1=" " ind2=" " tag="919">
		<subfield code="9">650 _7</subfield>
		<subfield code="a">facteur d'orgue</subfield>
		<subfield code="x">Aebi, Christoph</subfield>
		<subfield code="x">Aebi, Jacob</subfield>
		<subfield code="2">chrero</subfield>
	</datafield>
	<datafield ind1=" " ind2=" " tag="919">
		<subfield code="9">650 _7</subfield>
		<subfield code="a">orgue</subfield>
		<subfield code="z">Valais (Suisse)</subfield>
		<subfield code="y">17e s.</subfield>
		<subfield code="2">chrero</subfield>
	</datafield>
	<datafield ind1=" " ind2=" " tag="960">
		<subfield code="a">jubicj</subfield>
	</datafield>
	<datafield ind1=" " ind2=" " tag="973">
		<subfield code="a">vsarch vsbcvs</subfield>
	</datafield>
	<datafield ind1=" " ind2=" " tag="986">
		<subfield code="2">cdu-vsarch</subfield>
		<subfield code="a">681.8</subfield>
	</datafield>
	<datafield ind1=" " ind2=" " tag="986">
		<subfield code="2">bibvs</subfield>
		<subfield code="a">Valais - Biographie - Aebi</subfield>
	</datafield>
	<datafield ind1=" " ind2=" " tag="986">
		<subfield code="2">bibvs</subfield>
		<subfield code="a">Wallis - Biographie - Aebi</subfield>
	</datafield>
	<datafield ind1=" " ind2=" " tag="986">
		<subfield code="2">vs-bib-sys</subfield>
		<subfield code="a">1185-0185-0022-000-000</subfield>
	</datafield>
	<datafield ind1=" " ind2=" " tag="996">
		<subfield code="x">vs/bcvs/d/02/175</subfield>
	</datafield>
</record>