

<record>
	<leader>01163nam a2200337 a 4500</leader>
	<controlfield tag="001">REROILS:120</controlfield>
	<controlfield tag="003">RERO</controlfield>
	<controlfield tag="005">20171125075300.0</controlfield>
	<controlfield tag="008">960525s1936    fr |||||| ||||00|| |fre d</controlfield>
	<datafield ind1=" " ind2=" " tag="035">
		<subfield code="a">0145048</subfield>
	</datafield>
	<datafield ind1=" " ind2="9" tag="039">
		<subfield code="a">201711250753</subfield>
		<subfield code="b">VLOAD</subfield>
		<subfield code="c">201706101442</subfield>
		<subfield code="d">VLOAD</subfield>
		<subfield code="c">201703271702</subfield>
		<subfield code="d">VLOAD</subfield>
		<subfield code="c">201210171824</subfield>
		<subfield code="d">VLOAD</subfield>
		<subfield code="y">1999022713420000</subfield>
		<subfield code="z">load</subfield>
	</datafield>
	<datafield ind1=" " ind2=" " tag="040">
		<subfield code="a">RERO</subfield>
	</datafield>
	<datafield ind1=" " ind2="7" tag="072">
		<subfield code="a">s1ht</subfield>
		<subfield code="2">rero</subfield>
	</datafield>
	<datafield ind1="1" ind2=" " tag="100">
		<subfield code="a">Hellot, Frédéric Emile Amédée</subfield>
		<subfield code="4">cre</subfield>
	</datafield>
	<datafield ind1="1" ind2="3" tag="245">
		<subfield code="a">Le commandement des généraux Nivelle et Pétain :</subfield>
		<subfield code="b">1917 /</subfield>
		<subfield code="c">par le Général Hellot</subfield>
	</datafield>
	<datafield ind1=" " ind2="1" tag="264">
		<subfield code="a">Paris :</subfield>
		<subfield code="b">Payot,</subfield>
		<subfield code="c">1936</subfield>
	</datafield>
	<datafield ind1=" " ind2=" " tag="300">
		<subfield code="a">316 p. :</subfield>
		<subfield code="b">fig. ;</subfield>
		<subfield code="c">23 cm</subfield>
	</datafield>
	<datafield ind1=" " ind2=" " tag="336">
		<subfield code="b">txt</subfield>
		<subfield code="2">rdacontent</subfield>
	</datafield>
	<datafield ind1=" " ind2=" " tag="337">
		<subfield code="b">n</subfield>
		<subfield code="2">rdamedia</subfield>
	</datafield>
	<datafield ind1=" " ind2=" " tag="338">
		<subfield code="b">nc</subfield>
		<subfield code="2">rdacarrier</subfield>
	</datafield>
	<datafield ind1=" " ind2=" " tag="339">
		<subfield code="a">docmaintype_book</subfield>
		<subfield code="b">docsubtype_other_book</subfield>
	</datafield>
	<datafield ind1="0" ind2=" " tag="490">
		<subfield code="a">Collection de mémoires, études et documents pour servir à l'histoire de la Guerre mondiale</subfield>
	</datafield>
	<datafield ind1="1" ind2=" " tag="490">
		<subfield code="a">Histoire de la Guerre mondiale</subfield>
		<subfield code="v">3</subfield>
	</datafield>
	<datafield ind1=" " ind2="7" tag="650">
		<subfield code="a">1917</subfield>
		<subfield code="2">rero</subfield>
	</datafield>
	<datafield ind1=" " ind2="7" tag="650">
		<subfield code="a">Guerre mondiale (1914-1918)</subfield>
		<subfield code="2">rero</subfield>
	</datafield>
	<datafield ind1=" " ind2="0" tag="830">
		<subfield code="a">Histoire de la Guerre mondiale : 1914-1918</subfield>
		<subfield code="v">3</subfield>
		<subfield code="w">REROILS:2000071</subfield>
	</datafield>
	<datafield ind1=" " ind2=" " tag="900">
		<subfield code="a">noselfmerge</subfield>
	</datafield>
	<datafield ind1=" " ind2=" " tag="904">
		<subfield code="a">neubflbi</subfield>
		<subfield code="c">Fonds Bauer</subfield>
	</datafield>
	<datafield ind1=" " ind2=" " tag="919">
		<subfield code="9">650 _7</subfield>
		<subfield code="a">guerre mondiale 1</subfield>
		<subfield code="y">1917</subfield>
		<subfield code="2">chrero</subfield>
	</datafield>
	<datafield ind1=" " ind2=" " tag="957">
		<subfield code="a">gevbge</subfield>
	</datafield>
	<datafield ind1=" " ind2=" " tag="962">
		<subfield code="a">neubfl</subfield>
	</datafield>
</record>