

<record>
	<leader>02250cam a2200517 a 4500</leader>
	<controlfield tag="001">REROILS:159</controlfield>
	<controlfield tag="003">RERO</controlfield>
	<controlfield tag="005">20170530163200.0</controlfield>
	<controlfield tag="008">110705s2010    ru ||| |  ||||00|  |rus d</controlfield>
	<datafield ind1=" " ind2=" " tag="020">
		<subfield code="a">9785940080312</subfield>
	</datafield>
	<datafield ind1=" " ind2=" " tag="020">
		<subfield code="a">9785940080312</subfield>
	</datafield>
	<datafield ind1=" " ind2=" " tag="035">
		<subfield code="a">R006093126</subfield>
	</datafield>
	<datafield ind1=" " ind2="9" tag="039">
		<subfield code="a">201705301632</subfield>
		<subfield code="b">VLOAD</subfield>
		<subfield code="c">201502081213</subfield>
		<subfield code="d">VLOAD</subfield>
		<subfield code="c">201207281416</subfield>
		<subfield code="d">VLOAD</subfield>
		<subfield code="c">201107050909</subfield>
		<subfield code="d">0011</subfield>
		<subfield code="y">201107050908</subfield>
		<subfield code="z">0011</subfield>
	</datafield>
	<datafield ind1=" " ind2=" " tag="040">
		<subfield code="a">DLC</subfield>
		<subfield code="d">EVIEW</subfield>
		<subfield code="d">COD</subfield>
		<subfield code="d">RERO frbcuc</subfield>
	</datafield>
	<datafield ind1=" " ind2="0" tag="050">
		<subfield code="a">PG3337.L47</subfield>
		<subfield code="b">R455 2010</subfield>
	</datafield>
	<datafield ind1=" " ind2="7" tag="072">
		<subfield code="a">s1ru</subfield>
		<subfield code="2">rero</subfield>
	</datafield>
	<datafield ind1=" " ind2="7" tag="072">
		<subfield code="a">s2th</subfield>
		<subfield code="2">rero</subfield>
	</datafield>
	<datafield ind1="0" ind2="0" tag="245">
		<subfield code="6">880-01</subfield>
		<subfield code="a">M.I︠U︡. Lermontov i Pravoslavie :</subfield>
		<subfield code="b">sbornik stateĭ o tvorchestve M.I︠U︡. Lermontova /</subfield>
		<subfield code="c">[sostavitelʹ: V.A. Alekseev]</subfield>
	</datafield>
	<datafield ind1=" " ind2="1" tag="264">
		<subfield code="6">880-02</subfield>
		<subfield code="a">Moskva :</subfield>
		<subfield code="b">Izdatelʹskiĭ dom &quot;K edinstvu!&quot;,</subfield>
		<subfield code="c">2010</subfield>
	</datafield>
	<datafield ind1=" " ind2=" " tag="300">
		<subfield code="a">509 p. ;</subfield>
		<subfield code="c">21 cm</subfield>
	</datafield>
	<datafield ind1=" " ind2=" " tag="336">
		<subfield code="b">txt</subfield>
		<subfield code="2">rdacontent</subfield>
	</datafield>
	<datafield ind1=" " ind2=" " tag="337">
		<subfield code="b">n</subfield>
		<subfield code="2">rdamedia</subfield>
	</datafield>
	<datafield ind1=" " ind2=" " tag="338">
		<subfield code="b">nc</subfield>
		<subfield code="2">rdacarrier</subfield>
	</datafield>
	<datafield ind1=" " ind2=" " tag="339">
		<subfield code="a">docmaintype_book</subfield>
		<subfield code="b">docsubtype_other_book</subfield>
	</datafield>
	<datafield ind1=" " ind2=" " tag="504">
		<subfield code="a">Includes bibliographical references</subfield>
	</datafield>
	<datafield ind1="1" ind2="0" tag="600">
		<subfield code="a">Lermontov, Mikhail I︠U︡rʹevich,</subfield>
		<subfield code="d">1814-1841</subfield>
		<subfield code="x">Criticism and interpretation</subfield>
	</datafield>
	<datafield ind1="1" ind2="0" tag="600">
		<subfield code="a">Lermontov, Mikhail I︠U︡rʹevich,</subfield>
		<subfield code="d">1814-1841</subfield>
		<subfield code="x">Religion</subfield>
	</datafield>
	<datafield ind1=" " ind2="0" tag="650">
		<subfield code="a">Religion in literature</subfield>
	</datafield>
	<datafield ind1="1" ind2=" " tag="700">
		<subfield code="a">Alekseev, V.A.</subfield>
		<subfield code="q">(Valeriĭ Arkadʹevich)</subfield>
	</datafield>
	<datafield ind1="0" ind2="0" tag="880">
		<subfield code="6">245-01</subfield>
		<subfield code="a">М.Ю. Лермонтов и Православие :</subfield>
		<subfield code="b">сборник статей о творчестве М.Ю. Лермонтова /</subfield>
		<subfield code="c">[составитель: В.А. Алексеев]</subfield>
	</datafield>
	<datafield ind1=" " ind2="1" tag="880">
		<subfield code="6">264-02</subfield>
		<subfield code="a">Москва :</subfield>
		<subfield code="b">Издательский дом &quot;К единству!&quot;,</subfield>
		<subfield code="c">2010</subfield>
	</datafield>
	<datafield ind1=" " ind2="1" tag="900">
		<subfield code="a">OCoLC</subfield>
		<subfield code="b">20110705</subfield>
		<subfield code="c">Droits réservés</subfield>
	</datafield>
	<datafield ind1=" " ind2=" " tag="900">
		<subfield code="a">noselfmerge</subfield>
	</datafield>
	<datafield ind1=" " ind2=" " tag="901">
		<subfield code="a">LAR SLS</subfield>
		<subfield code="b">2011/07</subfield>
	</datafield>
	<datafield ind1=" " ind2=" " tag="919">
		<subfield code="6">600-00</subfield>
		<subfield code="a">Лермонтов, Михаил Юрьевич,</subfield>
		<subfield code="d">1814-1841</subfield>
	</datafield>
	<datafield ind1=" " ind2=" " tag="919">
		<subfield code="a">Biography</subfield>
	</datafield>
	<datafield ind1=" " ind2=" " tag="919">
		<subfield code="a">History and criticism</subfield>
	</datafield>
	<datafield ind1=" " ind2=" " tag="919">
		<subfield code="a">History and principles of religions</subfield>
	</datafield>
	<datafield ind1=" " ind2=" " tag="919">
		<subfield code="a">Language and literature</subfield>
	</datafield>
	<datafield ind1=" " ind2=" " tag="919">
		<subfield code="a">Literature (General)</subfield>
	</datafield>
	<datafield ind1=" " ind2=" " tag="919">
		<subfield code="a">Orthodox Eastern Church</subfield>
	</datafield>
	<datafield ind1=" " ind2=" " tag="919">
		<subfield code="a">Philosophy. Psychology. Religion</subfield>
	</datafield>
	<datafield ind1=" " ind2=" " tag="919">
		<subfield code="a">Russian Church</subfield>
	</datafield>
	<datafield ind1=" " ind2=" " tag="956">
		<subfield code="a">frbcuc</subfield>
	</datafield>
	<datafield ind1=" " ind2=" " tag="981">
		<subfield code="2">SLS</subfield>
		<subfield code="a">RU-Lerm-0</subfield>
	</datafield>
</record>