

<record>
	<leader>01509nas a2200445 a 4500</leader>
	<controlfield tag="001">REROILS:56</controlfield>
	<controlfield tag="003">RERO</controlfield>
	<controlfield tag="005">20190705123200.0</controlfield>
	<controlfield tag="008">110505c20119999sz |||p|| ||||0 || 0ger d</controlfield>
	<datafield ind1=" " ind2=" " tag="035">
		<subfield code="a">R006011814</subfield>
	</datafield>
	<datafield ind1=" " ind2="7" tag="039">
		<subfield code="b">1030</subfield>
	</datafield>
	<datafield ind1=" " ind2="9" tag="039">
		<subfield code="a">201907051232</subfield>
		<subfield code="b">VLOAD</subfield>
		<subfield code="c">201811162242</subfield>
		<subfield code="d">VLOAD</subfield>
		<subfield code="c">201809011836</subfield>
		<subfield code="d">VLOAD</subfield>
		<subfield code="c">201807091804</subfield>
		<subfield code="d">VLOAD</subfield>
		<subfield code="y">201105051116</subfield>
		<subfield code="z">1030</subfield>
	</datafield>
	<datafield ind1=" " ind2=" " tag="040">
		<subfield code="a">RERO vsbcvs</subfield>
	</datafield>
	<datafield ind1=" " ind2=" " tag="044">
		<subfield code="a">sz</subfield>
		<subfield code="c">ch-vs</subfield>
	</datafield>
	<datafield ind1=" " ind2="7" tag="072">
		<subfield code="a">s1go</subfield>
		<subfield code="2">rero</subfield>
	</datafield>
	<datafield ind1=" " ind2="7" tag="072">
		<subfield code="a">s2se</subfield>
		<subfield code="2">rero</subfield>
	</datafield>
	<datafield ind1="0" ind2="0" tag="245">
		<subfield code="a">FokusOberwallis :</subfield>
		<subfield code="b">Infomagazin der Region Oberwallis</subfield>
	</datafield>
	<datafield ind1="3" ind2=" " tag="246">
		<subfield code="a">Fokus Oberwallis</subfield>
	</datafield>
	<datafield ind1=" " ind2="1" tag="264">
		<subfield code="a">Naters :</subfield>
		<subfield code="b">RW Oberwallis</subfield>
	</datafield>
	<datafield ind1=" " ind2="3" tag="264">
		<subfield code="a">Visp :</subfield>
		<subfield code="b">Mengis Druck</subfield>
	</datafield>
	<datafield ind1=" " ind2=" " tag="300">
		<subfield code="c">30 cm</subfield>
	</datafield>
	<datafield ind1=" " ind2=" " tag="310">
		<subfield code="a">Zwei Mal jährlich</subfield>
	</datafield>
	<datafield ind1=" " ind2=" " tag="336">
		<subfield code="b">txt</subfield>
		<subfield code="2">rdacontent</subfield>
	</datafield>
	<datafield ind1=" " ind2=" " tag="337">
		<subfield code="b">n</subfield>
		<subfield code="2">rdamedia</subfield>
	</datafield>
	<datafield ind1=" " ind2=" " tag="338">
		<subfield code="b">nc</subfield>
		<subfield code="2">rdacarrier</subfield>
	</datafield>
	<datafield ind1=" " ind2=" " tag="339">
		<subfield code="a">docmaintype_serial</subfield>
	</datafield>
	<datafield ind1="0" ind2=" " tag="362">
		<subfield code="a">Jg 1(März 2011)-</subfield>
	</datafield>
	<datafield ind1=" " ind2="7" tag="650">
		<subfield code="a">politique régionale</subfield>
		<subfield code="2">rerovoc</subfield>
	</datafield>
	<datafield ind1=" " ind2="7" tag="650">
		<subfield code="a">Conditions économiques</subfield>
		<subfield code="2">rero</subfield>
	</datafield>
	<datafield ind1=" " ind2="7" tag="651">
		<subfield code="a">Oberwallis (Suisse, VS)</subfield>
		<subfield code="2">rero</subfield>
		<subfield code="0">(IDREF)034253785</subfield>
	</datafield>
	<datafield ind1=" " ind2="7" tag="655">
		<subfield code="a">[Périodiques]</subfield>
		<subfield code="2">rero</subfield>
	</datafield>
	<datafield ind1="2" ind2=" " tag="710">
		<subfield code="a">Regions- und Wirtschaftszentrum Oberwallis</subfield>
	</datafield>
	<datafield ind1=" " ind2=" " tag="900">
		<subfield code="a">noselfmerge</subfield>
	</datafield>
	<datafield ind1=" " ind2=" " tag="906">
		<subfield code="a">bvs</subfield>
	</datafield>
	<datafield ind1=" " ind2=" " tag="906">
		<subfield code="a">valais</subfield>
		<subfield code="b">2011/05</subfield>
	</datafield>
	<datafield ind1=" " ind2=" " tag="906">
		<subfield code="a">bcvs</subfield>
		<subfield code="b">2011/05</subfield>
		<subfield code="c">21</subfield>
	</datafield>
	<datafield ind1=" " ind2=" " tag="919">
		<subfield code="9">650 _7</subfield>
		<subfield code="a">économie</subfield>
		<subfield code="z">Oberwallis (Suisse, VS)</subfield>
		<subfield code="v">[périodique]</subfield>
		<subfield code="2">chrero</subfield>
	</datafield>
	<datafield ind1=" " ind2=" " tag="919">
		<subfield code="9">650 _7</subfield>
		<subfield code="a">politique régionale</subfield>
		<subfield code="z">Oberwallis (Suisse, VS)</subfield>
		<subfield code="v">[périodique]</subfield>
		<subfield code="2">chrero</subfield>
	</datafield>
	<datafield ind1=" " ind2=" " tag="973">
		<subfield code="a">vsbcvs</subfield>
	</datafield>
</record>