

<record>
	<leader>01012naa a22002652a 4500</leader>
	<controlfield tag="001">REROILS:294</controlfield>
	<controlfield tag="003">RERO</controlfield>
	<controlfield tag="005">20200820154700.0</controlfield>
	<controlfield tag="008">061020s1963    xx ||| |  ||||00|  |fre d</controlfield>
	<datafield ind1=" " ind2=" " tag="019">
		<subfield code="a">Catalogage d'après ancienne fiche</subfield>
		<subfield code="9">vsbcvs/01.2006</subfield>
	</datafield>
	<datafield ind1=" " ind2=" " tag="035">
		<subfield code="a">R004234667</subfield>
	</datafield>
	<datafield ind1=" " ind2="9" tag="039">
		<subfield code="a">202008201547</subfield>
		<subfield code="b">VLOAD</subfield>
		<subfield code="c">201705191024</subfield>
		<subfield code="d">VLOAD</subfield>
		<subfield code="c">201204211338</subfield>
		<subfield code="d">VLOAD</subfield>
		<subfield code="c">201105241847</subfield>
		<subfield code="d">VLOAD</subfield>
		<subfield code="y">200610201117</subfield>
		<subfield code="z">1204</subfield>
	</datafield>
	<datafield ind1=" " ind2=" " tag="040">
		<subfield code="a">RERO vsbcvs</subfield>
	</datafield>
	<datafield ind1=" " ind2="7" tag="072">
		<subfield code="a">s1zz</subfield>
		<subfield code="2">rero</subfield>
	</datafield>
	<datafield ind1="1" ind2=" " tag="100">
		<subfield code="a">Lobsiger, Georges</subfield>
		<subfield code="4">cre</subfield>
	</datafield>
	<datafield ind1="1" ind2="3" tag="245">
		<subfield code="a">La légitimité de la souveraineté des rois d'Espagne sur l'ancien royaume des Incas ... 1614 /</subfield>
		<subfield code="c">Georges Lobsiger</subfield>
	</datafield>
	<datafield ind1=" " ind2=" " tag="336">
		<subfield code="b">txt</subfield>
		<subfield code="2">rdacontent</subfield>
	</datafield>
	<datafield ind1=" " ind2=" " tag="337">
		<subfield code="b">n</subfield>
		<subfield code="2">rdamedia</subfield>
	</datafield>
	<datafield ind1=" " ind2=" " tag="338">
		<subfield code="b">nc</subfield>
		<subfield code="2">rdacarrier</subfield>
	</datafield>
	<datafield ind1=" " ind2=" " tag="339">
		<subfield code="a">docmaintype_article</subfield>
	</datafield>
	<datafield ind1=" " ind2=" " tag="580">
		<subfield code="a">Dans: Société suisse Américanistes. Bulletin. - 1963, No. 25, p. 33-54</subfield>
	</datafield>
	<datafield ind1="1" ind2=" " tag="773">
		<subfield code="t">Bulletin / Société suisse des Américanistes = Bulletin / Schweizerische Amerikanisten-Gesellschaft</subfield>
		<subfield code="g">1963/25/33</subfield>
		<subfield code="w">REROILS:2000072</subfield>
	</datafield>
	<datafield ind1=" " ind2=" " tag="900">
		<subfield code="a">noselfmerge</subfield>
	</datafield>
	<datafield ind1=" " ind2=" " tag="906">
		<subfield code="a">recatvs01</subfield>
	</datafield>
	<datafield ind1=" " ind2=" " tag="973">
		<subfield code="a">vsbcvs</subfield>
	</datafield>
</record>