

<record>
	<leader>01211nas a2200349 a 4500</leader>
	<controlfield tag="001">REROILS:141</controlfield>
	<controlfield tag="003">RERO</controlfield>
	<controlfield tag="005">20190705123400.0</controlfield>
	<controlfield tag="008">000909|19999999sz |||p|| ||||0 || 0fre d</controlfield>
	<datafield ind1=" " ind2=" " tag="019">
		<subfield code="a">Cat. à compléter par la biblio. qui possède l'année 1998</subfield>
		<subfield code="9">gevbmu/02.2000</subfield>
	</datafield>
	<datafield ind1=" " ind2=" " tag="035">
		<subfield code="a">R264542960</subfield>
	</datafield>
	<datafield ind1=" " ind2=" " tag="039">
		<subfield code="b">6703</subfield>
	</datafield>
	<datafield ind1=" " ind2="9" tag="039">
		<subfield code="a">201907051234</subfield>
		<subfield code="b">VLOAD</subfield>
		<subfield code="c">201807031407</subfield>
		<subfield code="d">VLOAD</subfield>
		<subfield code="c">201705180937</subfield>
		<subfield code="d">VLOAD</subfield>
		<subfield code="c">201204210613</subfield>
		<subfield code="d">VLOAD</subfield>
		<subfield code="y">200009090448</subfield>
		<subfield code="z">VLOAD</subfield>
	</datafield>
	<datafield ind1=" " ind2=" " tag="040">
		<subfield code="a">RERO gevbmu</subfield>
	</datafield>
	<datafield ind1=" " ind2=" " tag="044">
		<subfield code="a">sz</subfield>
		<subfield code="c">ch-ge</subfield>
	</datafield>
	<datafield ind1=" " ind2="7" tag="072">
		<subfield code="a">s1mu</subfield>
		<subfield code="2">rero</subfield>
	</datafield>
	<datafield ind1="0" ind2="0" tag="245">
		<subfield code="a">Liste des professeurs /</subfield>
		<subfield code="c">Société suisse de pédagogie musicale, section genevoise</subfield>
	</datafield>
	<datafield ind1=" " ind2="1" tag="264">
		<subfield code="a">[Genève] :</subfield>
		<subfield code="b">[Section genevoise de la SSPM],</subfield>
		<subfield code="c">1999-</subfield>
	</datafield>
	<datafield ind1=" " ind2=" " tag="300">
		<subfield code="a">21 cm</subfield>
	</datafield>
	<datafield ind1=" " ind2=" " tag="336">
		<subfield code="b">txt</subfield>
		<subfield code="2">rdacontent</subfield>
	</datafield>
	<datafield ind1=" " ind2=" " tag="337">
		<subfield code="b">n</subfield>
		<subfield code="2">rdamedia</subfield>
	</datafield>
	<datafield ind1=" " ind2=" " tag="338">
		<subfield code="b">nc</subfield>
		<subfield code="2">rdacarrier</subfield>
	</datafield>
	<datafield ind1=" " ind2=" " tag="339">
		<subfield code="a">docmaintype_serial</subfield>
	</datafield>
	<datafield ind1=" " ind2=" " tag="580">
		<subfield code="a">Fait suite à: Liste des membres</subfield>
	</datafield>
	<datafield ind1="2" ind2=" " tag="710">
		<subfield code="a">Société suisse de pédagogie musicale.</subfield>
		<subfield code="b">Section genevoise</subfield>
	</datafield>
	<datafield ind1="1" ind2="0" tag="780">
		<subfield code="t">Liste des membres</subfield>
	</datafield>
	<datafield ind1=" " ind2=" " tag="900">
		<subfield code="a">noselfmerge</subfield>
	</datafield>
	<datafield ind1=" " ind2=" " tag="902">
		<subfield code="a">gedoc</subfield>
	</datafield>
	<datafield ind1=" " ind2=" " tag="957">
		<subfield code="a">gevbmu</subfield>
	</datafield>
	<datafield ind1=" " ind2=" " tag="982">
		<subfield code="2">ge-biba</subfield>
		<subfield code="a">Ac</subfield>
	</datafield>
	<datafield ind1=" " ind2=" " tag="982">
		<subfield code="2">ge-biba</subfield>
		<subfield code="a">Ta</subfield>
	</datafield>
</record>