

<record>
	<leader>01333nam a2200325 a 4500</leader>
	<controlfield tag="001">REROILS:184</controlfield>
	<controlfield tag="003">RERO</controlfield>
	<controlfield tag="005">20200712085700.0</controlfield>
	<controlfield tag="008">860624s1979    gw |||||| ||||00|| |rus d</controlfield>
	<datafield ind1=" " ind2=" " tag="020">
		<subfield code="a">9783876901602</subfield>
	</datafield>
	<datafield ind1=" " ind2=" " tag="035">
		<subfield code="a">0724980</subfield>
	</datafield>
	<datafield ind1=" " ind2="9" tag="039">
		<subfield code="a">202007120857</subfield>
		<subfield code="b">VLOAD</subfield>
		<subfield code="c">201706101305</subfield>
		<subfield code="d">VLOAD</subfield>
		<subfield code="c">201704040851</subfield>
		<subfield code="d">VLOAD</subfield>
		<subfield code="c">201402051419</subfield>
		<subfield code="d">8046</subfield>
		<subfield code="y">1999022802540000</subfield>
		<subfield code="z">load</subfield>
	</datafield>
	<datafield ind1=" " ind2=" " tag="040">
		<subfield code="a">RERO labcud</subfield>
	</datafield>
	<datafield ind1=" " ind2="7" tag="072">
		<subfield code="a">s1ru</subfield>
		<subfield code="2">rero</subfield>
	</datafield>
	<datafield ind1="1" ind2=" " tag="100">
		<subfield code="a">Stricker, Gerd</subfield>
		<subfield code="4">cre</subfield>
		<subfield code="0">(IDREF)029404053</subfield>
	</datafield>
	<datafield ind1="1" ind2="0" tag="245">
		<subfield code="a">Stilistische und verbalsyntaktische Untersuchungen zum moskovitischen Prunkstil des 16. Jahrhunderts :</subfield>
		<subfield code="b">die Erzählung über die Belagerung Pleskaus durch den polnischen König Stephan Báthory 1581/82 im Vergleich mit der Erzählung über die Eroberung Konstantinopels durch die Türken 1453 /</subfield>
		<subfield code="c">Gerd Stricker</subfield>
	</datafield>
	<datafield ind1=" " ind2="1" tag="264">
		<subfield code="a">München :</subfield>
		<subfield code="b">O. Sagner,</subfield>
		<subfield code="c">1979</subfield>
	</datafield>
	<datafield ind1=" " ind2=" " tag="300">
		<subfield code="a">XIII, 678 p. ;</subfield>
		<subfield code="c">21 cm</subfield>
	</datafield>
	<datafield ind1=" " ind2=" " tag="336">
		<subfield code="b">txt</subfield>
		<subfield code="2">rdacontent</subfield>
	</datafield>
	<datafield ind1=" " ind2=" " tag="337">
		<subfield code="b">n</subfield>
		<subfield code="2">rdamedia</subfield>
	</datafield>
	<datafield ind1=" " ind2=" " tag="338">
		<subfield code="b">nc</subfield>
		<subfield code="2">rdacarrier</subfield>
	</datafield>
	<datafield ind1=" " ind2=" " tag="339">
		<subfield code="a">docmaintype_book</subfield>
		<subfield code="b">docsubtype_other_book</subfield>
	</datafield>
	<datafield ind1="1" ind2=" " tag="490">
		<subfield code="a">Slavistische Beiträge</subfield>
		<subfield code="v">Bd. 127</subfield>
	</datafield>
	<datafield ind1=" " ind2="7" tag="650">
		<subfield code="a">Russe (langue)</subfield>
		<subfield code="2">rero</subfield>
	</datafield>
	<datafield ind1=" " ind2="7" tag="650">
		<subfield code="a">16e siècle</subfield>
		<subfield code="2">rero</subfield>
	</datafield>
	<datafield ind1=" " ind2="0" tag="830">
		<subfield code="a">Slavistische Beiträge</subfield>
		<subfield code="v">127</subfield>
		<subfield code="w">REROILS:2000076</subfield>
	</datafield>
	<datafield ind1=" " ind2=" " tag="900">
		<subfield code="a">noselfmerge</subfield>
	</datafield>
	<datafield ind1=" " ind2=" " tag="919">
		<subfield code="9">650 _7</subfield>
		<subfield code="a">russe (langue)</subfield>
		<subfield code="y">16e s.</subfield>
		<subfield code="2">chrero</subfield>
	</datafield>
	<datafield ind1=" " ind2=" " tag="956">
		<subfield code="a">frbcuc</subfield>
	</datafield>
</record>