

<record>
	<leader>00873nam a2200301 a 4500</leader>
	<controlfield tag="001">REROILS:89</controlfield>
	<controlfield tag="003">RERO</controlfield>
	<controlfield tag="005">20170518103400.0</controlfield>
	<controlfield tag="008">000913s1997    fr |||||| ||||00|  |fre d</controlfield>
	<datafield ind1=" " ind2=" " tag="020">
		<subfield code="a">9782278040223</subfield>
	</datafield>
	<datafield ind1=" " ind2=" " tag="035">
		<subfield code="a">R267002360</subfield>
	</datafield>
	<datafield ind1=" " ind2=" " tag="039">
		<subfield code="b">0011</subfield>
	</datafield>
	<datafield ind1=" " ind2="9" tag="039">
		<subfield code="a">201705181034</subfield>
		<subfield code="b">VLOAD</subfield>
		<subfield code="c">200812210820</subfield>
		<subfield code="d">VLOAD</subfield>
		<subfield code="y">200009131006</subfield>
		<subfield code="z">VLOAD</subfield>
	</datafield>
	<datafield ind1=" " ind2=" " tag="040">
		<subfield code="a">RERO frbcuc</subfield>
	</datafield>
	<datafield ind1=" " ind2="7" tag="072">
		<subfield code="a">s1fr</subfield>
		<subfield code="2">rero</subfield>
	</datafield>
	<datafield ind1="0" ind2="0" tag="245">
		<subfield code="a">Libre échange 2.</subfield>
		<subfield code="p">Méthode de français /</subfield>
		<subfield code="c">Janine Courtillon, Geneviève-Dominique de Salins</subfield>
	</datafield>
	<datafield ind1=" " ind2="1" tag="264">
		<subfield code="a">Paris :</subfield>
		<subfield code="b">Hatier-Didier,</subfield>
		<subfield code="c">1997</subfield>
	</datafield>
	<datafield ind1=" " ind2=" " tag="300">
		<subfield code="a">271 p. :</subfield>
		<subfield code="b">ill. ;</subfield>
		<subfield code="c">28 cm</subfield>
	</datafield>
	<datafield ind1=" " ind2=" " tag="336">
		<subfield code="b">txt</subfield>
		<subfield code="2">rdacontent</subfield>
	</datafield>
	<datafield ind1=" " ind2=" " tag="337">
		<subfield code="b">n</subfield>
		<subfield code="2">rdamedia</subfield>
	</datafield>
	<datafield ind1=" " ind2=" " tag="338">
		<subfield code="b">nc</subfield>
		<subfield code="2">rdacarrier</subfield>
	</datafield>
	<datafield ind1=" " ind2=" " tag="339">
		<subfield code="a">docmaintype_book</subfield>
		<subfield code="b">docsubtype_other_book</subfield>
	</datafield>
	<datafield ind1="1" ind2=" " tag="700">
		<subfield code="a">Courtillon, Janine</subfield>
		<subfield code="0">(IDREF)026803097</subfield>
	</datafield>
	<datafield ind1="1" ind2=" " tag="700">
		<subfield code="a">Salins, Geneviève-Dominique de</subfield>
		<subfield code="0">(IDREF)059643307</subfield>
	</datafield>
	<datafield ind1=" " ind2="0" tag="830">
		<subfield code="a">Libre échange 2</subfield>
		<subfield code="w">REROILS:2000077</subfield>
	</datafield>
	<datafield ind1=" " ind2=" " tag="900">
		<subfield code="a">noselfmerge</subfield>
	</datafield>
	<datafield ind1=" " ind2=" " tag="956">
		<subfield code="a">frbcuc</subfield>
	</datafield>
	<datafield ind1=" " ind2=" " tag="981">
		<subfield code="2">FLE</subfield>
		<subfield code="a">AA</subfield>
	</datafield>
</record>