

<record>
	<leader>01538cjm a2200361 a 4500</leader>
	<controlfield tag="001">REROILS:158</controlfield>
	<controlfield tag="003">RERO</controlfield>
	<controlfield tag="005">20200629031500.0</controlfield>
	<controlfield tag="007">s|</controlfield>
	<controlfield tag="008">860428s1982    xx |||||| ||||  |  |ger d</controlfield>
	<datafield ind1="0" ind2="2" tag="028">
		<subfield code="a">Philips 411 441-2</subfield>
	</datafield>
	<datafield ind1=" " ind2=" " tag="035">
		<subfield code="a">0705609</subfield>
	</datafield>
	<datafield ind1=" " ind2="9" tag="039">
		<subfield code="a">202006290315</subfield>
		<subfield code="b">VLOAD</subfield>
		<subfield code="c">201705161322</subfield>
		<subfield code="d">VLOAD</subfield>
		<subfield code="c">201704011136</subfield>
		<subfield code="d">VLOAD</subfield>
		<subfield code="c">201503130950</subfield>
		<subfield code="d">8206</subfield>
		<subfield code="y">1999022802270000</subfield>
		<subfield code="z">load</subfield>
	</datafield>
	<datafield ind1=" " ind2=" " tag="040">
		<subfield code="a">RERO labcur</subfield>
	</datafield>
	<datafield ind1=" " ind2="7" tag="072">
		<subfield code="a">s1mu</subfield>
		<subfield code="2">rero</subfield>
	</datafield>
	<datafield ind1="1" ind2=" " tag="100">
		<subfield code="a">Haydn, Joseph,</subfield>
		<subfield code="d">1732-1809</subfield>
		<subfield code="4">cre</subfield>
		<subfield code="0">(IDREF)030260868</subfield>
	</datafield>
	<datafield ind1="1" ind2="0" tag="245">
		<subfield code="a">Symphony in D, H.1 no 6 :</subfield>
		<subfield code="b">&quot;Le matin&quot; ; Symphony in C, H.1 no 7 : &quot;Le midi&quot; ; Symphony in G, H.1 no 8 : &quot;Le soir&quot; /</subfield>
		<subfield code="c">Joseph Haydn</subfield>
	</datafield>
	<datafield ind1=" " ind2="1" tag="264">
		<subfield code="a">[Lieu de publication non identifié] :</subfield>
		<subfield code="b">Philips,</subfield>
		<subfield code="c">P 1982</subfield>
	</datafield>
	<datafield ind1=" " ind2=" " tag="300">
		<subfield code="a">1 DISQUE COMPACT :</subfield>
		<subfield code="b">stéréo</subfield>
	</datafield>
	<datafield ind1=" " ind2=" " tag="336">
		<subfield code="b">prm</subfield>
		<subfield code="2">rdacontent</subfield>
	</datafield>
	<datafield ind1=" " ind2=" " tag="337">
		<subfield code="b">s</subfield>
		<subfield code="2">rdamedia</subfield>
	</datafield>
	<datafield ind1=" " ind2=" " tag="338">
		<subfield code="b">sd</subfield>
		<subfield code="2">rdacarrier</subfield>
	</datafield>
	<datafield ind1=" " ind2=" " tag="339">
		<subfield code="a">docmaintype_audio</subfield>
		<subfield code="b">docsubtype_music</subfield>
	</datafield>
	<datafield ind1="0" ind2=" " tag="511">
		<subfield code="a">Interpr.: Academy of St. Martin-in-the-Fields ; Neville Marriner (dir.)</subfield>
	</datafield>
	<datafield ind1="1" ind2=" " tag="700">
		<subfield code="a">Marriner, Neville,</subfield>
		<subfield code="d">1924-2016</subfield>
		<subfield code="0">(IDREF)078617960</subfield>
	</datafield>
	<datafield ind1="1" ind2="2" tag="700">
		<subfield code="a">Haydn, Joseph,</subfield>
		<subfield code="d">1732-1809. -</subfield>
		<subfield code="t">Symphonies.</subfield>
		<subfield code="m">Orchestre.</subfield>
		<subfield code="r">Hob. 1:7, do majeur</subfield>
	</datafield>
	<datafield ind1="1" ind2="2" tag="700">
		<subfield code="a">Haydn, Joseph,</subfield>
		<subfield code="d">1732-1809. -</subfield>
		<subfield code="t">Symphonies.</subfield>
		<subfield code="m">Orchestre.</subfield>
		<subfield code="r">Hob. 1:8, sol majeur</subfield>
	</datafield>
	<datafield ind1="1" ind2="2" tag="700">
		<subfield code="a">Haydn, Joseph,</subfield>
		<subfield code="d">1732-1809. -</subfield>
		<subfield code="t">Symphonies.</subfield>
		<subfield code="m">Orchestre.</subfield>
		<subfield code="r">Hob. 1:6, ré majeur</subfield>
	</datafield>
	<datafield ind1="2" ind2=" " tag="710">
		<subfield code="a">Academy of St. Martin-in-the-Fields (London)</subfield>
		<subfield code="0">(IDREF)080493394</subfield>
	</datafield>
	<datafield ind1=" " ind2=" " tag="900">
		<subfield code="a">noselfmerge</subfield>
	</datafield>
	<datafield ind1=" " ind2=" " tag="962">
		<subfield code="a">nencm-</subfield>
	</datafield>
	<datafield ind1=" " ind2=" " tag="984">
		<subfield code="2">cdu-nencm</subfield>
		<subfield code="a">(08)HAY785.11Sym6</subfield>
	</datafield>
</record>