

<record>
	<leader>01289naa a2200361 a 4500</leader>
	<controlfield tag="001">REROILS:195</controlfield>
	<controlfield tag="003">RERO</controlfield>
	<controlfield tag="005">20180828130700.0</controlfield>
	<controlfield tag="008">000828s1998    be |||||| ||||00|  |fre d</controlfield>
	<datafield ind1=" " ind2=" " tag="035">
		<subfield code="a">R256762660</subfield>
	</datafield>
	<datafield ind1=" " ind2=" " tag="039">
		<subfield code="b">0107</subfield>
		<subfield code="b">0111i</subfield>
	</datafield>
	<datafield ind1=" " ind2="9" tag="039">
		<subfield code="a">201808281307</subfield>
		<subfield code="b">VLOAD</subfield>
		<subfield code="c">201706110842</subfield>
		<subfield code="d">VLOAD</subfield>
		<subfield code="c">200812210812</subfield>
		<subfield code="d">VLOAD</subfield>
		<subfield code="c">200406152132</subfield>
		<subfield code="d">VLOAD</subfield>
		<subfield code="y">200008281450</subfield>
		<subfield code="z">VLOAD</subfield>
	</datafield>
	<datafield ind1=" " ind2=" " tag="040">
		<subfield code="a">RERO frbcuc</subfield>
	</datafield>
	<datafield ind1=" " ind2="7" tag="072">
		<subfield code="a">s1dr</subfield>
		<subfield code="2">rero</subfield>
	</datafield>
	<datafield ind1="1" ind2=" " tag="100">
		<subfield code="a">Delnoy, Michel</subfield>
		<subfield code="4">cre</subfield>
		<subfield code="0">(IDREF)074504878</subfield>
	</datafield>
	<datafield ind1="1" ind2="3" tag="245">
		<subfield code="a">Le CWATUP expliqué :</subfield>
		<subfield code="b">[le code wallon de l'aménagement du territoire, de l'urbanisme et du patrimoine] /</subfield>
		<subfield code="c">Michel Delnoy</subfield>
	</datafield>
	<datafield ind1=" " ind2="1" tag="264">
		<subfield code="a">Liège :</subfield>
		<subfield code="b">Ed. de la Chambre de commerce et d'industrie,</subfield>
		<subfield code="c">1998</subfield>
	</datafield>
	<datafield ind1=" " ind2=" " tag="300">
		<subfield code="a">287 p. ;</subfield>
		<subfield code="c">21 cm</subfield>
	</datafield>
	<datafield ind1=" " ind2=" " tag="336">
		<subfield code="b">txt</subfield>
		<subfield code="2">rdacontent</subfield>
	</datafield>
	<datafield ind1=" " ind2=" " tag="337">
		<subfield code="b">n</subfield>
		<subfield code="2">rdamedia</subfield>
	</datafield>
	<datafield ind1=" " ind2=" " tag="338">
		<subfield code="b">nc</subfield>
		<subfield code="2">rdacarrier</subfield>
	</datafield>
	<datafield ind1=" " ind2=" " tag="339">
		<subfield code="a">docmaintype_article</subfield>
	</datafield>
	<datafield ind1=" " ind2="7" tag="650">
		<subfield code="a">Urbanisme</subfield>
		<subfield code="2">rero</subfield>
	</datafield>
	<datafield ind1=" " ind2="7" tag="650">
		<subfield code="a">Droit</subfield>
		<subfield code="2">rero</subfield>
	</datafield>
	<datafield ind1=" " ind2="7" tag="650">
		<subfield code="a">Aménagement du territoire</subfield>
		<subfield code="2">rero</subfield>
	</datafield>
	<datafield ind1=" " ind2="7" tag="651">
		<subfield code="a">Wallonie (Belgique)</subfield>
		<subfield code="2">rero</subfield>
	</datafield>
	<datafield ind1=" " ind2="7" tag="655">
		<subfield code="a">[Manuels d'enseignement]</subfield>
		<subfield code="2">rero</subfield>
	</datafield>
	<datafield ind1=" " ind2=" " tag="900">
		<subfield code="a">noselfmerge</subfield>
	</datafield>
	<datafield ind1=" " ind2=" " tag="901">
		<subfield code="a">LAR BFD</subfield>
		<subfield code="b">1999/09</subfield>
		<subfield code="c">04</subfield>
	</datafield>
	<datafield ind1=" " ind2=" " tag="919">
		<subfield code="9">650 _7</subfield>
		<subfield code="a">urbanisme</subfield>
		<subfield code="x">* droit</subfield>
		<subfield code="z">Wallonie (Belgique)</subfield>
		<subfield code="v">[manuel]</subfield>
		<subfield code="2">chrero</subfield>
	</datafield>
	<datafield ind1=" " ind2=" " tag="919">
		<subfield code="9">650 _7</subfield>
		<subfield code="a">aménagement du territoire</subfield>
		<subfield code="x">* droit</subfield>
		<subfield code="z">Wallonie (Belgique)</subfield>
		<subfield code="v">[manuel]</subfield>
		<subfield code="2">chrero</subfield>
	</datafield>
	<datafield ind1=" " ind2=" " tag="956">
		<subfield code="a">frbcuc</subfield>
	</datafield>
	<datafield ind1=" " ind2=" " tag="980">
		<subfield code="2">dr-sys</subfield>
		<subfield code="a">CA/B 47 g</subfield>
	</datafield>
</record>