

<record>
	<leader>01310nam a2200397 a 4500</leader>
	<controlfield tag="001">REROILS:212</controlfield>
	<controlfield tag="003">RERO</controlfield>
	<controlfield tag="005">20200711125300.0</controlfield>
	<controlfield tag="008">010121s1971    sz |||||| ||||00|| |fre d</controlfield>
	<datafield ind1="7" ind2=" " tag="024">
		<subfield code="a">http://catalogue.bnf.fr/ark:/12148/cb352819103</subfield>
		<subfield code="2">uri</subfield>
	</datafield>
	<datafield ind1=" " ind2=" " tag="035">
		<subfield code="a">0000474</subfield>
	</datafield>
	<datafield ind1=" " ind2=" " tag="039">
		<subfield code="b">8011c</subfield>
	</datafield>
	<datafield ind1=" " ind2="9" tag="039">
		<subfield code="a">202007111253</subfield>
		<subfield code="b">VLOAD</subfield>
		<subfield code="c">201806301242</subfield>
		<subfield code="d">VLOAD</subfield>
		<subfield code="c">201804190640</subfield>
		<subfield code="d">VLOAD</subfield>
		<subfield code="c">201706101044</subfield>
		<subfield code="d">VLOAD</subfield>
		<subfield code="y">1999022709490000</subfield>
		<subfield code="z">load</subfield>
	</datafield>
	<datafield ind1=" " ind2=" " tag="040">
		<subfield code="a">RERO</subfield>
	</datafield>
	<datafield ind1=" " ind2=" " tag="044">
		<subfield code="a">sz</subfield>
		<subfield code="c">ch-vd</subfield>
	</datafield>
	<datafield ind1=" " ind2="7" tag="072">
		<subfield code="a">s1ba</subfield>
		<subfield code="2">rero</subfield>
	</datafield>
	<datafield ind1="1" ind2=" " tag="100">
		<subfield code="a">Kyriazi, Jean Melas</subfield>
		<subfield code="4">cre</subfield>
		<subfield code="0">(IDREF)145790274</subfield>
	</datafield>
	<datafield ind1="1" ind2="0" tag="245">
		<subfield code="a">Van Dongen et le fauvisme /</subfield>
		<subfield code="c">Jean Melas Kyriazi</subfield>
	</datafield>
	<datafield ind1=" " ind2="1" tag="264">
		<subfield code="a">Lausanne ;</subfield>
		<subfield code="a">Paris :</subfield>
		<subfield code="b">La Bibliothèque des arts,</subfield>
		<subfield code="c">[1971]</subfield>
	</datafield>
	<datafield ind1=" " ind2="4" tag="264">
		<subfield code="c">© 1971</subfield>
	</datafield>
	<datafield ind1=" " ind2=" " tag="300">
		<subfield code="a">148 p. :</subfield>
		<subfield code="b">ill. ;</subfield>
		<subfield code="c">34 cm</subfield>
	</datafield>
	<datafield ind1=" " ind2=" " tag="336">
		<subfield code="b">txt</subfield>
		<subfield code="2">rdacontent</subfield>
	</datafield>
	<datafield ind1=" " ind2=" " tag="337">
		<subfield code="b">n</subfield>
		<subfield code="2">rdamedia</subfield>
	</datafield>
	<datafield ind1=" " ind2=" " tag="338">
		<subfield code="b">nc</subfield>
		<subfield code="2">rdacarrier</subfield>
	</datafield>
	<datafield ind1=" " ind2=" " tag="339">
		<subfield code="a">docmaintype_book</subfield>
		<subfield code="b">docsubtype_other_book</subfield>
	</datafield>
	<datafield ind1="1" ind2="7" tag="600">
		<subfield code="a">Van Dongen, Kees</subfield>
		<subfield code="2">rero</subfield>
		<subfield code="0">(IDREF)027437469</subfield>
	</datafield>
	<datafield ind1=" " ind2="7" tag="650">
		<subfield code="a">Fauvisme</subfield>
		<subfield code="2">rero</subfield>
	</datafield>
	<datafield ind1=" " ind2=" " tag="900">
		<subfield code="a">noselfmerge</subfield>
	</datafield>
	<datafield ind1=" " ind2=" " tag="919">
		<subfield code="9">650 _7</subfield>
		<subfield code="a">fauvisme</subfield>
		<subfield code="x">Van Dongen, Kees</subfield>
		<subfield code="2">chrero</subfield>
	</datafield>
	<datafield ind1=" " ind2=" " tag="956">
		<subfield code="a">frbcuc</subfield>
	</datafield>
	<datafield ind1=" " ind2=" " tag="957">
		<subfield code="a">gevbaa</subfield>
	</datafield>
	<datafield ind1=" " ind2=" " tag="962">
		<subfield code="a">nebpun</subfield>
	</datafield>
	<datafield ind1=" " ind2=" " tag="973">
		<subfield code="a">vsbcvs</subfield>
	</datafield>
	<datafield ind1=" " ind2=" " tag="992">
		<subfield code="a">BAA IC Q 1985/1</subfield>
		<subfield code="x">ge/vbaa/a/71/1371</subfield>
	</datafield>
	<datafield ind1=" " ind2=" " tag="994">
		<subfield code="a">ZC 612</subfield>
		<subfield code="x">ne/bpuna1971/1774</subfield>
	</datafield>
</record>