

<record>
	<leader>02408njm a2200589 a 4500</leader>
	<controlfield tag="001">REROILS:278</controlfield>
	<controlfield tag="003">RERO</controlfield>
	<controlfield tag="005">20200206141600.0</controlfield>
	<controlfield tag="007">s|</controlfield>
	<controlfield tag="008">170502s2017    gw ||| |  ||||  |  |eng d</controlfield>
	<datafield ind1="7" ind2=" " tag="024">
		<subfield code="a">00028947969525</subfield>
		<subfield code="2">gtin-14</subfield>
	</datafield>
	<datafield ind1="0" ind2="2" tag="028">
		<subfield code="a">479 6952</subfield>
		<subfield code="b">Deutsche Grammophon</subfield>
	</datafield>
	<datafield ind1="0" ind2="2" tag="028">
		<subfield code="a">028947969525</subfield>
	</datafield>
	<datafield ind1=" " ind2=" " tag="035">
		<subfield code="a">R008637434</subfield>
	</datafield>
	<datafield ind1=" " ind2="9" tag="039">
		<subfield code="a">202002061416</subfield>
		<subfield code="b">AUTHORITY</subfield>
		<subfield code="c">202001291351</subfield>
		<subfield code="d">4804</subfield>
		<subfield code="c">202001280915</subfield>
		<subfield code="d">4804</subfield>
		<subfield code="c">202001201546</subfield>
		<subfield code="d">AUTHORITY</subfield>
		<subfield code="y">201705020834</subfield>
		<subfield code="z">1030</subfield>
	</datafield>
	<datafield ind1=" " ind2=" " tag="040">
		<subfield code="a">BTCTA</subfield>
		<subfield code="b">ger</subfield>
		<subfield code="e">rda</subfield>
		<subfield code="d">SzZuIDS NEBIS ZHDK-MIZ</subfield>
		<subfield code="d">RERO vsbcvs</subfield>
	</datafield>
	<datafield ind1=" " ind2="0" tag="050">
		<subfield code="a">M1045.R53</subfield>
		<subfield code="b">T57 2017</subfield>
	</datafield>
	<datafield ind1=" " ind2="7" tag="072">
		<subfield code="a">s1mu</subfield>
		<subfield code="2">rero</subfield>
	</datafield>
	<datafield ind1="0" ind2="4" tag="082">
		<subfield code="a">785.28</subfield>
		<subfield code="2">23</subfield>
	</datafield>
	<datafield ind1="1" ind2=" " tag="100">
		<subfield code="a">Richter, Max,</subfield>
		<subfield code="d">1966-</subfield>
		<subfield code="4">cmp</subfield>
		<subfield code="4">prf</subfield>
		<subfield code="0">(IDREF)13370744X</subfield>
	</datafield>
	<datafield ind1="1" ind2="0" tag="245">
		<subfield code="a">Three worlds :</subfield>
		<subfield code="b">music from Woolf works /</subfield>
		<subfield code="c">Max Richter</subfield>
	</datafield>
	<datafield ind1=" " ind2="1" tag="264">
		<subfield code="a">Berlin :</subfield>
		<subfield code="b">Deutsche Grammophon,</subfield>
		<subfield code="c">2017</subfield>
	</datafield>
	<datafield ind1=" " ind2=" " tag="300">
		<subfield code="a">1 disque compact en 1 boîte cartonnée +</subfield>
		<subfield code="e">1 livret</subfield>
	</datafield>
	<datafield ind1=" " ind2=" " tag="336">
		<subfield code="b">prm</subfield>
		<subfield code="2">rdacontent</subfield>
	</datafield>
	<datafield ind1=" " ind2=" " tag="337">
		<subfield code="b">s</subfield>
		<subfield code="2">rdamedia</subfield>
	</datafield>
	<datafield ind1=" " ind2=" " tag="338">
		<subfield code="b">sd</subfield>
		<subfield code="2">rdacarrier</subfield>
	</datafield>
	<datafield ind1=" " ind2=" " tag="339">
		<subfield code="a">docmaintype_audio</subfield>
		<subfield code="b">docsubtype_music</subfield>
	</datafield>
	<datafield ind1=" " ind2=" " tag="500">
		<subfield code="a">Oeuvres inspiré de 3 romans de Virginia Woolf: &quot;Mrs Dalloway&quot;, &quot;Orlando&quot;, &quot;The waves&quot;</subfield>
	</datafield>
	<datafield ind1="0" ind2=" " tag="505">
		<subfield code="a">&quot;Mrs Dalloway&quot; (Words, In the garde, War anthem, Meeting again) ; &quot;Orlando&quot; (Memory is the seamstress, Modular astronomy, Entropy, Transformation, Morphology, The tyranny of symmetry, The explorers, Persistence of images, Genesis of poetry, Possibles, Love songs) ; &quot;The waves&quot; (Tuesday)</subfield>
	</datafield>
	<datafield ind1="0" ind2=" " tag="511">
		<subfield code="a">Robert Ziegler (direction) ; Max Richter (piano, synthé) ; Louisa Fuller, Natalia Bonner (violon) ; John Metcalfe (alto) ; Ian Burdge, Chris Worsey (violoncelle) ; Deutsches Filmorchester Babelsberg</subfield>
	</datafield>
	<datafield ind1="1" ind2=" " tag="700">
		<subfield code="a">Ziegler, Robert</subfield>
		<subfield code="4">prf</subfield>
		<subfield code="0">(IDREF)158025555</subfield>
	</datafield>
	<datafield ind1="1" ind2=" " tag="700">
		<subfield code="a">Fuller, Louisa,</subfield>
		<subfield code="d">1964-</subfield>
		<subfield code="4">prf</subfield>
		<subfield code="0">(IDREF)251561240</subfield>
	</datafield>
	<datafield ind1="1" ind2=" " tag="700">
		<subfield code="a">Bonner, Natalia</subfield>
		<subfield code="4">prf</subfield>
		<subfield code="0">(IDREF)251561623</subfield>
	</datafield>
	<datafield ind1="1" ind2=" " tag="700">
		<subfield code="a">Metcalfe, John,</subfield>
		<subfield code="d">1964-</subfield>
		<subfield code="4">prf</subfield>
	</datafield>
	<datafield ind1="1" ind2=" " tag="700">
		<subfield code="a">Burdge, Ian</subfield>
		<subfield code="4">prf</subfield>
	</datafield>
	<datafield ind1="1" ind2=" " tag="700">
		<subfield code="a">Worsey, Chris</subfield>
		<subfield code="4">prf</subfield>
	</datafield>
	<datafield ind1="2" ind2=" " tag="710">
		<subfield code="a">Deutsches Filmorchester Babelsberg</subfield>
		<subfield code="4">prf</subfield>
	</datafield>
	<datafield ind1=" " ind2="1" tag="900">
		<subfield code="a">NEBIS</subfield>
		<subfield code="b">20170502</subfield>
		<subfield code="c">Droits réservés</subfield>
	</datafield>
	<datafield ind1=" " ind2=" " tag="900">
		<subfield code="a">noselfmerge</subfield>
	</datafield>
	<datafield ind1=" " ind2=" " tag="904">
		<subfield code="a">cfvdiscona</subfield>
		<subfield code="b">2020/03</subfield>
		<subfield code="c">3</subfield>
	</datafield>
	<datafield ind1=" " ind2=" " tag="906">
		<subfield code="a">bcvs</subfield>
		<subfield code="b">2017/05</subfield>
		<subfield code="c">19</subfield>
	</datafield>
	<datafield ind1=" " ind2=" " tag="919">
		<subfield code="a">21.Jh.</subfield>
		<subfield code="2">nebis E4</subfield>
	</datafield>
	<datafield ind1=" " ind2=" " tag="919">
		<subfield code="a">Ambient</subfield>
		<subfield code="2">nebis E4</subfield>
	</datafield>
	<datafield ind1=" " ind2=" " tag="919">
		<subfield code="a">Ballett (Ton)</subfield>
		<subfield code="2">nebis E4</subfield>
	</datafield>
	<datafield ind1=" " ind2=" " tag="919">
		<subfield code="a">Deutschland</subfield>
		<subfield code="2">nebis E4</subfield>
	</datafield>
	<datafield ind1=" " ind2=" " tag="919">
		<subfield code="a">Orchester (Ton)</subfield>
		<subfield code="2">nebis E4</subfield>
	</datafield>
	<datafield ind1=" " ind2="7" tag="919">
		<subfield code="a">CD</subfield>
		<subfield code="2">gnd-carrier</subfield>
	</datafield>
	<datafield ind1=" " ind2=" " tag="930">
		<subfield code="a">(NEBIS) 010819289</subfield>
	</datafield>
	<datafield ind1=" " ind2=" " tag="962">
		<subfield code="a">necfbv</subfield>
	</datafield>
	<datafield ind1=" " ind2=" " tag="973">
		<subfield code="a">vsbcvs</subfield>
	</datafield>
	<datafield ind1=" " ind2=" " tag="986">
		<subfield code="2">vs-pratcd</subfield>
		<subfield code="a">34 RICH</subfield>
	</datafield>
	<datafield ind1=" " ind2=" " tag="994">
		<subfield code="a">CFV CD 48 MC RICH / CD 51 MC RICH / CD 00 MC RICH</subfield>
		<subfield code="x">-</subfield>
	</datafield>
</record>