

<record>
	<leader>01178nam a22003617a 4500</leader>
	<controlfield tag="001">REROILS:152</controlfield>
	<controlfield tag="003">RERO</controlfield>
	<controlfield tag="005">20190627005700.0</controlfield>
	<controlfield tag="008">110712s2011    fr ||| |  ||||00|  |fre d</controlfield>
	<datafield ind1=" " ind2=" " tag="020">
		<subfield code="a">9782723480901</subfield>
	</datafield>
	<datafield ind1="7" ind2=" " tag="024">
		<subfield code="a">http://catalogue.bnf.fr/ark:/12148/cb425154542</subfield>
		<subfield code="2">uri</subfield>
	</datafield>
	<datafield ind1=" " ind2=" " tag="035">
		<subfield code="a">R006099422</subfield>
	</datafield>
	<datafield ind1=" " ind2="9" tag="039">
		<subfield code="a">201906270057</subfield>
		<subfield code="b">VLOAD</subfield>
		<subfield code="c">201901311353</subfield>
		<subfield code="d">VLOAD</subfield>
		<subfield code="c">201901111813</subfield>
		<subfield code="d">VLOAD</subfield>
		<subfield code="c">201705301645</subfield>
		<subfield code="d">VLOAD</subfield>
		<subfield code="y">201107120920</subfield>
		<subfield code="z">1046</subfield>
	</datafield>
	<datafield ind1=" " ind2=" " tag="040">
		<subfield code="a">RERO vsbcce</subfield>
	</datafield>
	<datafield ind1=" " ind2="7" tag="072">
		<subfield code="a">s1fr</subfield>
		<subfield code="2">rero</subfield>
	</datafield>
	<datafield ind1="0" ind2=" " tag="100">
		<subfield code="a">PoiPoi</subfield>
		<subfield code="4">cre</subfield>
	</datafield>
	<datafield ind1="1" ind2="3" tag="245">
		<subfield code="a">Le grand secret de Djipi /</subfield>
		<subfield code="c">PoiPoi</subfield>
	</datafield>
	<datafield ind1=" " ind2="1" tag="264">
		<subfield code="a">Grenoble :</subfield>
		<subfield code="b">Glénat,</subfield>
		<subfield code="c">2011</subfield>
	</datafield>
	<datafield ind1=" " ind2=" " tag="300">
		<subfield code="a">48 p. :</subfield>
		<subfield code="b">ill.</subfield>
	</datafield>
	<datafield ind1=" " ind2=" " tag="336">
		<subfield code="b">txt</subfield>
		<subfield code="2">rdacontent</subfield>
	</datafield>
	<datafield ind1=" " ind2=" " tag="336">
		<subfield code="b">sti</subfield>
		<subfield code="2">rdacontent</subfield>
	</datafield>
	<datafield ind1=" " ind2=" " tag="337">
		<subfield code="b">n</subfield>
		<subfield code="2">rdamedia</subfield>
	</datafield>
	<datafield ind1=" " ind2=" " tag="338">
		<subfield code="b">nc</subfield>
		<subfield code="2">rdacarrier</subfield>
	</datafield>
	<datafield ind1=" " ind2=" " tag="339">
		<subfield code="a">docmaintype_comic</subfield>
		<subfield code="b">docsubtype_comic</subfield>
	</datafield>
	<datafield ind1="1" ind2=" " tag="490">
		<subfield code="a">Ange le Terrible / PoiPoi</subfield>
		<subfield code="v">4</subfield>
	</datafield>
	<datafield ind1="0" ind2=" " tag="490">
		<subfield code="a">Tchô! La collec....</subfield>
	</datafield>
	<datafield ind1=" " ind2="7" tag="655">
		<subfield code="a">[Bandes dessinées]</subfield>
		<subfield code="2">rero</subfield>
	</datafield>
	<datafield ind1="0" ind2=" " tag="800">
		<subfield code="a">PoiPoi. -</subfield>
		<subfield code="t">Ange le Terrible</subfield>
		<subfield code="v">4</subfield>
		<subfield code="w">REROILS:2000081</subfield>
	</datafield>
	<datafield ind1=" " ind2=" " tag="900">
		<subfield code="a">noselfmerge</subfield>
	</datafield>
	<datafield ind1=" " ind2=" " tag="906">
		<subfield code="a">bcvs</subfield>
		<subfield code="b">2011/07</subfield>
		<subfield code="c">18</subfield>
	</datafield>
	<datafield ind1=" " ind2=" " tag="973">
		<subfield code="a">vsbcce</subfield>
	</datafield>
	<datafield ind1=" " ind2=" " tag="986">
		<subfield code="2">cdu-vsmart</subfield>
		<subfield code="a">ANGE</subfield>
	</datafield>
</record>