

<record>
	<leader>01162nam a2200325 a 4500</leader>
	<controlfield tag="001">REROILS:47</controlfield>
	<controlfield tag="003">RERO</controlfield>
	<controlfield tag="005">20180823100300.0</controlfield>
	<controlfield tag="008">931020s1979    gw |||||| ||||00|| |ger d</controlfield>
	<datafield ind1=" " ind2=" " tag="035">
		<subfield code="a">1756273</subfield>
	</datafield>
	<datafield ind1=" " ind2="9" tag="039">
		<subfield code="a">201808231003</subfield>
		<subfield code="b">AUTHORITY</subfield>
		<subfield code="c">201808070935</subfield>
		<subfield code="d">AUTHORITY</subfield>
		<subfield code="c">201705171448</subfield>
		<subfield code="d">VLOAD</subfield>
		<subfield code="c">200812211821</subfield>
		<subfield code="d">VLOAD</subfield>
		<subfield code="y">1999030103050000</subfield>
		<subfield code="z">load</subfield>
	</datafield>
	<datafield ind1=" " ind2=" " tag="040">
		<subfield code="a">RERO nebpun</subfield>
	</datafield>
	<datafield ind1="1" ind2=" " tag="041">
		<subfield code="a">ger</subfield>
		<subfield code="h">fre</subfield>
	</datafield>
	<datafield ind1=" " ind2="7" tag="072">
		<subfield code="a">s1ht</subfield>
		<subfield code="2">rero</subfield>
	</datafield>
	<datafield ind1=" " ind2="7" tag="072">
		<subfield code="a">s2ba</subfield>
		<subfield code="2">rero</subfield>
	</datafield>
	<datafield ind1="1" ind2=" " tag="100">
		<subfield code="a">Daumier, Honoré</subfield>
		<subfield code="4">cre</subfield>
	</datafield>
	<datafield ind1="1" ind2="0" tag="245">
		<subfield code="a">Caricaturiana /</subfield>
		<subfield code="c">Honoré Daumier ; Bilddialoge von Charles Philipon ; übertr. von Christian M. Nebehay ; mit einem Anhang von Margot Berthold und Thomas W. Gaehtgens</subfield>
	</datafield>
	<datafield ind1=" " ind2="1" tag="264">
		<subfield code="a">Dortmund :</subfield>
		<subfield code="b">Harenberg Kommunikation,</subfield>
		<subfield code="c">1979</subfield>
	</datafield>
	<datafield ind1=" " ind2=" " tag="300">
		<subfield code="a">220 p. :</subfield>
		<subfield code="b">en maj. partie des ill. ;</subfield>
		<subfield code="c">18 cm</subfield>
	</datafield>
	<datafield ind1=" " ind2=" " tag="336">
		<subfield code="b">txt</subfield>
		<subfield code="2">rdacontent</subfield>
	</datafield>
	<datafield ind1=" " ind2=" " tag="337">
		<subfield code="b">n</subfield>
		<subfield code="2">rdamedia</subfield>
	</datafield>
	<datafield ind1=" " ind2=" " tag="338">
		<subfield code="b">nc</subfield>
		<subfield code="2">rdacarrier</subfield>
	</datafield>
	<datafield ind1=" " ind2=" " tag="339">
		<subfield code="a">docmaintype_book</subfield>
		<subfield code="b">docsubtype_other_book</subfield>
	</datafield>
	<datafield ind1="1" ind2=" " tag="490">
		<subfield code="a">Die bibliophilen Taschenbücher</subfield>
	</datafield>
	<datafield ind1="1" ind2=" " tag="700">
		<subfield code="a">Nebehay, Christian Michael</subfield>
		<subfield code="0">(IDREF)029314100</subfield>
	</datafield>
	<datafield ind1="1" ind2=" " tag="700">
		<subfield code="a">Philipon, Charles,</subfield>
		<subfield code="d">1800-1862</subfield>
		<subfield code="0">(IDREF)182639096</subfield>
	</datafield>
	<datafield ind1=" " ind2="4" tag="830">
		<subfield code="a">Die bibliophilen Taschenbücher</subfield>
	</datafield>
	<datafield ind1=" " ind2=" " tag="900">
		<subfield code="a">noselfmerge</subfield>
	</datafield>
	<datafield ind1=" " ind2=" " tag="962">
		<subfield code="a">nebpun</subfield>
	</datafield>
	<datafield ind1=" " ind2=" " tag="994">
		<subfield code="a">NP F 8063</subfield>
		<subfield code="x">ne/bpun/a/1980/2917</subfield>
	</datafield>
</record>