

<record>
	<leader>01297nam a2200361 a 4500</leader>
	<controlfield tag="001">REROILS:106</controlfield>
	<controlfield tag="003">RERO</controlfield>
	<controlfield tag="005">20200710211200.0</controlfield>
	<controlfield tag="008">000917s2000    gw |||||| ||||00|  |ger d</controlfield>
	<datafield ind1=" " ind2=" " tag="020">
		<subfield code="a">9783795210045</subfield>
	</datafield>
	<datafield ind1=" " ind2=" " tag="035">
		<subfield code="a">R269412160</subfield>
	</datafield>
	<datafield ind1=" " ind2=" " tag="039">
		<subfield code="b">0011</subfield>
		<subfield code="b">0011i</subfield>
	</datafield>
	<datafield ind1=" " ind2="7" tag="039">
		<subfield code="b">9577</subfield>
	</datafield>
	<datafield ind1=" " ind2="9" tag="039">
		<subfield code="a">202007102112</subfield>
		<subfield code="b">VLOAD</subfield>
		<subfield code="c">202001151310</subfield>
		<subfield code="d">9577</subfield>
		<subfield code="c">201901221455</subfield>
		<subfield code="d">0011</subfield>
		<subfield code="c">201901221455</subfield>
		<subfield code="d">0011</subfield>
		<subfield code="y">200009171238</subfield>
		<subfield code="z">VLOAD</subfield>
	</datafield>
	<datafield ind1=" " ind2=" " tag="040">
		<subfield code="a">RERO frbcuc</subfield>
	</datafield>
	<datafield ind1=" " ind2="7" tag="072">
		<subfield code="a">s1mu</subfield>
		<subfield code="2">rero</subfield>
	</datafield>
	<datafield ind1="1" ind2=" " tag="100">
		<subfield code="a">Jira, Martin</subfield>
		<subfield code="4">cre</subfield>
		<subfield code="0">(IDREF)251256308</subfield>
	</datafield>
	<datafield ind1="1" ind2="0" tag="245">
		<subfield code="a">Musikalische Temperaturen und musikalischer Satz in der Klaviermusik von J.S. Bach /</subfield>
		<subfield code="c">Martin Jira</subfield>
	</datafield>
	<datafield ind1=" " ind2="1" tag="264">
		<subfield code="a">Tutzing :</subfield>
		<subfield code="b">H. Schneider,</subfield>
		<subfield code="c">2000</subfield>
	</datafield>
	<datafield ind1=" " ind2=" " tag="300">
		<subfield code="a">319 S. :</subfield>
		<subfield code="b">Tab. ;</subfield>
		<subfield code="c">24 cm +</subfield>
		<subfield code="e">1 Compact Disc</subfield>
	</datafield>
	<datafield ind1=" " ind2=" " tag="336">
		<subfield code="b">txt</subfield>
		<subfield code="2">rdacontent</subfield>
	</datafield>
	<datafield ind1=" " ind2=" " tag="337">
		<subfield code="b">n</subfield>
		<subfield code="2">rdamedia</subfield>
	</datafield>
	<datafield ind1=" " ind2=" " tag="338">
		<subfield code="b">nc</subfield>
		<subfield code="2">rdacarrier</subfield>
	</datafield>
	<datafield ind1=" " ind2=" " tag="339">
		<subfield code="a">docmaintype_book</subfield>
		<subfield code="b">docsubtype_other_book</subfield>
	</datafield>
	<datafield ind1="1" ind2=" " tag="490">
		<subfield code="a">Würzburger musikhistorische Beiträge</subfield>
		<subfield code="v">Bd. 20</subfield>
	</datafield>
	<datafield ind1="1" ind2="7" tag="600">
		<subfield code="a">Bach, Johann Sebastian</subfield>
		<subfield code="2">rero</subfield>
		<subfield code="0">(IDREF)026699656</subfield>
	</datafield>
	<datafield ind1=" " ind2="7" tag="650">
		<subfield code="a">Composition (musique)</subfield>
		<subfield code="2">rero</subfield>
	</datafield>
	<datafield ind1=" " ind2="7" tag="650">
		<subfield code="a">Tempérament (musique)</subfield>
		<subfield code="2">rero</subfield>
	</datafield>
	<datafield ind1=" " ind2="7" tag="650">
		<subfield code="a">Instrument à clavier, Musique d'</subfield>
		<subfield code="2">rero</subfield>
	</datafield>
	<datafield ind1=" " ind2="0" tag="830">
		<subfield code="a">Würzburger musikhistorische Beiträge</subfield>
		<subfield code="v">20</subfield>
		<subfield code="w">REROILS:2000083</subfield>
	</datafield>
	<datafield ind1=" " ind2=" " tag="900">
		<subfield code="a">noselfmerge</subfield>
	</datafield>
	<datafield ind1=" " ind2=" " tag="919">
		<subfield code="9">650 _7</subfield>
		<subfield code="a">composition (musique)</subfield>
		<subfield code="x">tempérament (musique)</subfield>
		<subfield code="x">Bach, Johann Sebastian - musique pour instrument à clavier</subfield>
		<subfield code="2">chrero</subfield>
	</datafield>
	<datafield ind1=" " ind2=" " tag="956">
		<subfield code="a">frbcuc</subfield>
	</datafield>
</record>