

<record>
	<leader>00738nas a22002177a 4500</leader>
	<controlfield tag="001">REROILS:60</controlfield>
	<controlfield tag="003">RERO</controlfield>
	<controlfield tag="005">20170516084300.0</controlfield>
	<controlfield tag="008">861001u        xx |||m|| ||||0 || 0und d</controlfield>
	<datafield ind1=" " ind2=" " tag="035">
		<subfield code="a">0757916</subfield>
	</datafield>
	<datafield ind1=" " ind2="9" tag="039">
		<subfield code="a">201705160843</subfield>
		<subfield code="b">VLOAD</subfield>
		<subfield code="c">200605282032</subfield>
		<subfield code="d">VLOAD</subfield>
		<subfield code="y">1999022803410000</subfield>
		<subfield code="z">load</subfield>
	</datafield>
	<datafield ind1=" " ind2=" " tag="040">
		<subfield code="a">RERO neuses</subfield>
	</datafield>
	<datafield ind1="0" ind2="0" tag="245">
		<subfield code="a">Forschungsberichte der zentralen wissenschaftlichen Einrichtung &quot;Arbeit und Betrieb&quot;</subfield>
	</datafield>
	<datafield ind1=" " ind2="1" tag="264">
		<subfield code="a">Bremen :</subfield>
		<subfield code="b">Zentrale wissenschaftliche Einrichtung &quot;Arbeit und Betrieb&quot;</subfield>
	</datafield>
	<datafield ind1=" " ind2=" " tag="336">
		<subfield code="b">txt</subfield>
		<subfield code="2">rdacontent</subfield>
	</datafield>
	<datafield ind1=" " ind2=" " tag="337">
		<subfield code="b">n</subfield>
		<subfield code="2">rdamedia</subfield>
	</datafield>
	<datafield ind1=" " ind2=" " tag="338">
		<subfield code="b">nc</subfield>
		<subfield code="2">rdacarrier</subfield>
	</datafield>
	<datafield ind1=" " ind2=" " tag="339">
		<subfield code="a">docmaintype_series</subfield>
	</datafield>
	<datafield ind1="2" ind2=" " tag="710">
		<subfield code="a">Universität Bremen.</subfield>
		<subfield code="b">Zentrale wissenschaftliche Einrichtung &quot;Arbeit und Betrieb&quot;</subfield>
	</datafield>
	<datafield ind1=" " ind2=" " tag="900">
		<subfield code="a">noselfmerge</subfield>
	</datafield>
	<datafield ind1=" " ind2=" " tag="900">
		<subfield code="a">reroslsp</subfield>
	</datafield>
</record>