

<record>
	<leader>01164nam a22003497a 4500</leader>
	<controlfield tag="001">REROILS:66</controlfield>
	<controlfield tag="003">RERO</controlfield>
	<controlfield tag="005">20180703160200.0</controlfield>
	<controlfield tag="008">000917s1994    sz ||| |  ||||00|  |ger d</controlfield>
	<datafield ind1=" " ind2=" " tag="020">
		<subfield code="a">9783871449390</subfield>
	</datafield>
	<datafield ind1=" " ind2=" " tag="035">
		<subfield code="a">R269412660</subfield>
	</datafield>
	<datafield ind1=" " ind2=" " tag="039">
		<subfield code="b">0109</subfield>
	</datafield>
	<datafield ind1=" " ind2="9" tag="039">
		<subfield code="a">201807031602</subfield>
		<subfield code="b">VLOAD</subfield>
		<subfield code="c">201705181147</subfield>
		<subfield code="d">VLOAD</subfield>
		<subfield code="c">200812210823</subfield>
		<subfield code="d">VLOAD</subfield>
		<subfield code="y">200009171238</subfield>
		<subfield code="z">VLOAD</subfield>
	</datafield>
	<datafield ind1=" " ind2=" " tag="040">
		<subfield code="a">RERO frbcuc</subfield>
	</datafield>
	<datafield ind1="0" ind2=" " tag="041">
		<subfield code="a">ger</subfield>
		<subfield code="a">eng</subfield>
	</datafield>
	<datafield ind1=" " ind2=" " tag="044">
		<subfield code="a">sz</subfield>
		<subfield code="c">ch-be</subfield>
	</datafield>
	<datafield ind1=" " ind2="7" tag="072">
		<subfield code="a">s1ma</subfield>
		<subfield code="2">rero</subfield>
	</datafield>
	<datafield ind1="1" ind2=" " tag="100">
		<subfield code="a">Eisenreich, Günther</subfield>
		<subfield code="4">cre</subfield>
		<subfield code="0">(IDREF)033603901</subfield>
	</datafield>
	<datafield ind1="1" ind2="0" tag="245">
		<subfield code="a">Wörterbuch Mathematik :</subfield>
		<subfield code="b">English, Deutsch, mit etwa 35000 Wortstellen, zweisprachige Studentenausg. = Dictionary of Mathematics : English, German, containing approximately 35000 terms, bilingual students ed. /</subfield>
		<subfield code="c">Günther Eisenreich, Ralf Sube</subfield>
	</datafield>
	<datafield ind1="3" ind2=" " tag="246">
		<subfield code="a">Dictionary of Mathematics</subfield>
	</datafield>
	<datafield ind1=" " ind2=" " tag="250">
		<subfield code="a">[2. Aufl., unveränd. Nachdr.]</subfield>
	</datafield>
	<datafield ind1=" " ind2="1" tag="264">
		<subfield code="a">Thun :</subfield>
		<subfield code="b">H. Deutsch,</subfield>
		<subfield code="c">1994</subfield>
	</datafield>
	<datafield ind1=" " ind2=" " tag="300">
		<subfield code="a">466 S. ;</subfield>
		<subfield code="c">24 cm</subfield>
	</datafield>
	<datafield ind1=" " ind2=" " tag="336">
		<subfield code="b">txt</subfield>
		<subfield code="2">rdacontent</subfield>
	</datafield>
	<datafield ind1=" " ind2=" " tag="337">
		<subfield code="b">n</subfield>
		<subfield code="2">rdamedia</subfield>
	</datafield>
	<datafield ind1=" " ind2=" " tag="338">
		<subfield code="b">nc</subfield>
		<subfield code="2">rdacarrier</subfield>
	</datafield>
	<datafield ind1=" " ind2=" " tag="339">
		<subfield code="a">docmaintype_book</subfield>
		<subfield code="b">docsubtype_other_book</subfield>
	</datafield>
	<datafield ind1="1" ind2=" " tag="700">
		<subfield code="a">Sube, Ralf</subfield>
		<subfield code="0">(IDREF)033589194</subfield>
	</datafield>
	<datafield ind1=" " ind2=" " tag="900">
		<subfield code="a">noselfmerge</subfield>
	</datafield>
	<datafield ind1=" " ind2=" " tag="901">
		<subfield code="a">LAR DOKP</subfield>
		<subfield code="b">2000/05</subfield>
		<subfield code="c">FACS</subfield>
	</datafield>
	<datafield ind1=" " ind2=" " tag="956">
		<subfield code="a">frbcuc</subfield>
	</datafield>
	<datafield ind1=" " ind2=" " tag="981">
		<subfield code="2">LC</subfield>
		<subfield code="a">QA5</subfield>
	</datafield>
</record>