

<record>
	<leader>01590nam a2200385 a 4500</leader>
	<controlfield tag="001">REROILS:2</controlfield>
	<controlfield tag="003">RERO</controlfield>
	<controlfield tag="005">20180828105700.0</controlfield>
	<controlfield tag="008">000913s1999    it |||||| ||||10|  |ita d</controlfield>
	<datafield ind1=" " ind2=" " tag="020">
		<subfield code="a">9788814075438</subfield>
	</datafield>
	<datafield ind1=" " ind2=" " tag="035">
		<subfield code="a">R266392360</subfield>
	</datafield>
	<datafield ind1=" " ind2=" " tag="039">
		<subfield code="b">0107</subfield>
		<subfield code="b">0114i</subfield>
	</datafield>
	<datafield ind1=" " ind2="9" tag="039">
		<subfield code="a">201808281057</subfield>
		<subfield code="b">VLOAD</subfield>
		<subfield code="c">201706111105</subfield>
		<subfield code="d">VLOAD</subfield>
		<subfield code="c">200812210820</subfield>
		<subfield code="d">VLOAD</subfield>
		<subfield code="c">200605290136</subfield>
		<subfield code="d">VLOAD</subfield>
		<subfield code="y">200009130053</subfield>
		<subfield code="z">VLOAD</subfield>
	</datafield>
	<datafield ind1=" " ind2=" " tag="040">
		<subfield code="a">RERO frbcuc</subfield>
	</datafield>
	<datafield ind1=" " ind2="7" tag="072">
		<subfield code="a">s1dr</subfield>
		<subfield code="2">rero</subfield>
	</datafield>
	<datafield ind1="0" ind2="0" tag="245">
		<subfield code="a">Possibilità e limiti di un diritto penale dell'Unione europea :</subfield>
		<subfield code="b">atti dell'incontro di studio organizzato dal Dipartimento di scienze giuridiche e dalla Facoltà di giurisprudenza dell'Università degli studi di Trento in cooperazione con il Centro di diritto penale tributario (Trento, 3 e 4 ottobre 1997) /</subfield>
		<subfield code="c">a cura di Lorenzo Picotti</subfield>
	</datafield>
	<datafield ind1=" " ind2="1" tag="264">
		<subfield code="a">Milano :</subfield>
		<subfield code="b">A. Giuffrè,</subfield>
		<subfield code="c">[1999]</subfield>
	</datafield>
	<datafield ind1=" " ind2="4" tag="264">
		<subfield code="c">© 1999</subfield>
	</datafield>
	<datafield ind1=" " ind2=" " tag="300">
		<subfield code="a">XX, 214 p. ;</subfield>
		<subfield code="c">23 cm</subfield>
	</datafield>
	<datafield ind1=" " ind2=" " tag="336">
		<subfield code="b">txt</subfield>
		<subfield code="2">rdacontent</subfield>
	</datafield>
	<datafield ind1=" " ind2=" " tag="337">
		<subfield code="b">n</subfield>
		<subfield code="2">rdamedia</subfield>
	</datafield>
	<datafield ind1=" " ind2=" " tag="338">
		<subfield code="b">nc</subfield>
		<subfield code="2">rdacarrier</subfield>
	</datafield>
	<datafield ind1=" " ind2=" " tag="339">
		<subfield code="a">docmaintype_book</subfield>
		<subfield code="b">docsubtype_other_book</subfield>
	</datafield>
	<datafield ind1="1" ind2=" " tag="490">
		<subfield code="a">Pubblicazioni del Centro di diritto penale europeo</subfield>
	</datafield>
	<datafield ind1=" " ind2="7" tag="650">
		<subfield code="a">Droit pénal</subfield>
		<subfield code="2">rero</subfield>
	</datafield>
	<datafield ind1=" " ind2="7" tag="650">
		<subfield code="a">Droit européen</subfield>
		<subfield code="2">rero</subfield>
	</datafield>
	<datafield ind1=" " ind2="7" tag="655">
		<subfield code="a">[Actes de congrès]</subfield>
		<subfield code="2">rero</subfield>
	</datafield>
	<datafield ind1="1" ind2=" " tag="700">
		<subfield code="a">Picotti, Lorenzo</subfield>
		<subfield code="0">(IDREF)033591067</subfield>
	</datafield>
	<datafield ind1="2" ind2=" " tag="710">
		<subfield code="a">Libera università degli studi di Trento.</subfield>
		<subfield code="b">Dipartimento di scienze giuridiche.</subfield>
		<subfield code="b">Studio</subfield>
		<subfield code="d">(1997 :</subfield>
		<subfield code="c">Trento)</subfield>
	</datafield>
	<datafield ind1=" " ind2="0" tag="830">
		<subfield code="a">Pubblicazioni del Centro di diritto penale europeo</subfield>
		<subfield code="w">REROILS:2000084</subfield>
	</datafield>
	<datafield ind1=" " ind2=" " tag="900">
		<subfield code="a">noselfmerge</subfield>
	</datafield>
	<datafield ind1=" " ind2=" " tag="901">
		<subfield code="a">LAR BFD</subfield>
		<subfield code="b">2000/03</subfield>
		<subfield code="c">07</subfield>
	</datafield>
	<datafield ind1=" " ind2=" " tag="919">
		<subfield code="9">650 _7</subfield>
		<subfield code="a">droit pénal</subfield>
		<subfield code="x">* droit communautaire</subfield>
		<subfield code="v">[congrès]</subfield>
		<subfield code="2">chrero</subfield>
	</datafield>
	<datafield ind1=" " ind2=" " tag="956">
		<subfield code="a">frbcuc</subfield>
	</datafield>
	<datafield ind1=" " ind2=" " tag="980">
		<subfield code="2">dr-sys</subfield>
		<subfield code="a">CA/CE 87 e</subfield>
	</datafield>
</record>