

<record>
	<leader>01653nas a2200517 a 4500</leader>
	<controlfield tag="001">REROILS:177</controlfield>
	<controlfield tag="003">RERO</controlfield>
	<controlfield tag="005">20200711124500.0</controlfield>
	<controlfield tag="008">050419c20059999sz |||p|  ||||0 |  0fre d</controlfield>
	<datafield ind1=" " ind2=" " tag="022">
		<subfield code="a">1661-2833</subfield>
	</datafield>
	<datafield ind1=" " ind2=" " tag="035">
		<subfield code="a">R003826164</subfield>
	</datafield>
	<datafield ind1=" " ind2="7" tag="039">
		<subfield code="b">6207</subfield>
	</datafield>
	<datafield ind1=" " ind2="9" tag="039">
		<subfield code="a">202007111245</subfield>
		<subfield code="b">VLOAD</subfield>
		<subfield code="c">201907051325</subfield>
		<subfield code="d">VLOAD</subfield>
		<subfield code="c">201811161841</subfield>
		<subfield code="d">VLOAD</subfield>
		<subfield code="c">201807041129</subfield>
		<subfield code="d">VLOAD</subfield>
		<subfield code="y">200504191539</subfield>
		<subfield code="z">6207</subfield>
	</datafield>
	<datafield ind1=" " ind2=" " tag="040">
		<subfield code="a">RERO gevbaa</subfield>
	</datafield>
	<datafield ind1=" " ind2=" " tag="044">
		<subfield code="a">sz</subfield>
		<subfield code="c">ch-ge</subfield>
		<subfield code="a">sz</subfield>
		<subfield code="c">ch-vd</subfield>
	</datafield>
	<datafield ind1=" " ind2="7" tag="072">
		<subfield code="a">s1ba</subfield>
		<subfield code="2">rero</subfield>
	</datafield>
	<datafield ind1="0" ind2="0" tag="245">
		<subfield code="a">Art passions :</subfield>
		<subfield code="b">[revue d'art et de culture]</subfield>
	</datafield>
	<datafield ind1="3" ind2=" " tag="246">
		<subfield code="a">Artpassions</subfield>
	</datafield>
	<datafield ind1="3" ind2=" " tag="246">
		<subfield code="a">Art passions : revue suisse d'art et de culture</subfield>
	</datafield>
	<datafield ind1="3" ind2=" " tag="246">
		<subfield code="a">Artpassions : revue suisse d'art et de culture</subfield>
	</datafield>
	<datafield ind1=" " ind2="1" tag="264">
		<subfield code="a">Genève :</subfield>
		<subfield code="b">SAM Communication,</subfield>
		<subfield code="c">2005-</subfield>
	</datafield>
	<datafield ind1=" " ind2="3" tag="264">
		<subfield code="a">Renens :</subfield>
		<subfield code="b">IRL</subfield>
	</datafield>
	<datafield ind1=" " ind2=" " tag="300">
		<subfield code="c">30 cm</subfield>
	</datafield>
	<datafield ind1=" " ind2=" " tag="310">
		<subfield code="a">Trimestriel</subfield>
	</datafield>
	<datafield ind1=" " ind2=" " tag="336">
		<subfield code="b">txt</subfield>
		<subfield code="2">rdacontent</subfield>
	</datafield>
	<datafield ind1=" " ind2=" " tag="337">
		<subfield code="b">n</subfield>
		<subfield code="2">rdamedia</subfield>
	</datafield>
	<datafield ind1=" " ind2=" " tag="338">
		<subfield code="b">nc</subfield>
		<subfield code="2">rdacarrier</subfield>
	</datafield>
	<datafield ind1=" " ind2=" " tag="339">
		<subfield code="a">docmaintype_serial</subfield>
	</datafield>
	<datafield ind1="0" ind2=" " tag="362">
		<subfield code="a">No 1(2005)-</subfield>
	</datafield>
	<datafield ind1=" " ind2=" " tag="521">
		<subfield code="a">Tertiaire</subfield>
		<subfield code="9">frvhep/11.2016</subfield>
	</datafield>
	<datafield ind1=" " ind2=" " tag="521">
		<subfield code="a">Formateurs HEP</subfield>
		<subfield code="9">frvhep/11.2016</subfield>
	</datafield>
	<datafield ind1=" " ind2=" " tag="583">
		<subfield code="5">gevbge BGE Rw 670</subfield>
		<subfield code="z">2</subfield>
	</datafield>
	<datafield ind1=" " ind2="7" tag="650">
		<subfield code="a">Art</subfield>
		<subfield code="2">rero</subfield>
	</datafield>
	<datafield ind1=" " ind2="7" tag="655">
		<subfield code="a">[Périodiques]</subfield>
		<subfield code="2">rero</subfield>
	</datafield>
	<datafield ind1=" " ind2=" " tag="900">
		<subfield code="a">noselfmerge</subfield>
	</datafield>
	<datafield ind1=" " ind2=" " tag="901">
		<subfield code="a">LAR HEPFR</subfield>
		<subfield code="b">2016/11</subfield>
		<subfield code="c">1</subfield>
	</datafield>
	<datafield ind1=" " ind2=" " tag="902">
		<subfield code="a">baap</subfield>
	</datafield>
	<datafield ind1=" " ind2=" " tag="902">
		<subfield code="a">gevbaa</subfield>
		<subfield code="b">2005/04</subfield>
		<subfield code="c">801</subfield>
	</datafield>
	<datafield ind1=" " ind2=" " tag="902">
		<subfield code="a">gedoc</subfield>
	</datafield>
	<datafield ind1=" " ind2=" " tag="919">
		<subfield code="9">650 _7</subfield>
		<subfield code="a">art</subfield>
		<subfield code="v">[périodique]</subfield>
		<subfield code="2">chrero</subfield>
	</datafield>
	<datafield ind1=" " ind2=" " tag="956">
		<subfield code="a">frbcuc frvhep</subfield>
	</datafield>
	<datafield ind1=" " ind2=" " tag="957">
		<subfield code="a">gevbaa gevbge</subfield>
	</datafield>
	<datafield ind1=" " ind2=" " tag="973">
		<subfield code="a">vsbcce vsbcvs</subfield>
	</datafield>
	<datafield ind1=" " ind2=" " tag="981">
		<subfield code="2">HEPSUP</subfield>
		<subfield code="a">revue</subfield>
	</datafield>
	<datafield ind1=" " ind2=" " tag="986">
		<subfield code="2">cdu-vsmart</subfield>
		<subfield code="a">7</subfield>
	</datafield>
</record>