

<record>
	<leader>01433nam a2200409 a 4500</leader>
	<controlfield tag="001">REROILS:84</controlfield>
	<controlfield tag="003">RERO</controlfield>
	<controlfield tag="005">20170611110500.0</controlfield>
	<controlfield tag="008">000912s1988    gw |||||| ||||00|  |ger d</controlfield>
	<datafield ind1=" " ind2=" " tag="020">
		<subfield code="a">9783885351061</subfield>
	</datafield>
	<datafield ind1=" " ind2=" " tag="035">
		<subfield code="a">R266392860</subfield>
	</datafield>
	<datafield ind1=" " ind2=" " tag="039">
		<subfield code="b">0011</subfield>
		<subfield code="b">0115i</subfield>
	</datafield>
	<datafield ind1=" " ind2="9" tag="039">
		<subfield code="a">201706111105</subfield>
		<subfield code="b">VLOAD</subfield>
		<subfield code="c">200812210820</subfield>
		<subfield code="d">VLOAD</subfield>
		<subfield code="c">200406160547</subfield>
		<subfield code="d">VLOAD</subfield>
		<subfield code="y">200009121756</subfield>
		<subfield code="z">VLOAD</subfield>
	</datafield>
	<datafield ind1=" " ind2=" " tag="040">
		<subfield code="a">RERO frbcuc</subfield>
	</datafield>
	<datafield ind1="1" ind2=" " tag="041">
		<subfield code="a">ger</subfield>
		<subfield code="h">fre</subfield>
	</datafield>
	<datafield ind1=" " ind2="7" tag="072">
		<subfield code="a">s1ph</subfield>
		<subfield code="2">rero</subfield>
	</datafield>
	<datafield ind1="1" ind2=" " tag="100">
		<subfield code="a">Foucault, Michel,</subfield>
		<subfield code="d">1926-1984</subfield>
		<subfield code="4">cre</subfield>
		<subfield code="0">(IDREF)026870290</subfield>
	</datafield>
	<datafield ind1="1" ind2="4" tag="245">
		<subfield code="a">Das Wahrsprechen des Anderen :</subfield>
		<subfield code="b">zwei Vorlesungen von 1983/84 /</subfield>
		<subfield code="c">Michel Foucault ; hrsg. und eingel. von Ulrike Reuter... [et al.] ; übers. von Ulrike Reuter zusammen mit Lothar Wolfstetter</subfield>
	</datafield>
	<datafield ind1=" " ind2="1" tag="264">
		<subfield code="a">Frankfurt a.M. :</subfield>
		<subfield code="b">Materialis Verl.,</subfield>
		<subfield code="c">1988</subfield>
	</datafield>
	<datafield ind1=" " ind2=" " tag="300">
		<subfield code="a">97 S. ;</subfield>
		<subfield code="c">21 cm</subfield>
	</datafield>
	<datafield ind1=" " ind2=" " tag="336">
		<subfield code="b">txt</subfield>
		<subfield code="2">rdacontent</subfield>
	</datafield>
	<datafield ind1=" " ind2=" " tag="337">
		<subfield code="b">n</subfield>
		<subfield code="2">rdamedia</subfield>
	</datafield>
	<datafield ind1=" " ind2=" " tag="338">
		<subfield code="b">nc</subfield>
		<subfield code="2">rdacarrier</subfield>
	</datafield>
	<datafield ind1=" " ind2=" " tag="339">
		<subfield code="a">docmaintype_book</subfield>
		<subfield code="b">docsubtype_other_book</subfield>
	</datafield>
	<datafield ind1="1" ind2=" " tag="490">
		<subfield code="a">Materialis Programm</subfield>
		<subfield code="v">MP 31.</subfield>
		<subfield code="a">Kollektion: Philosophie, Ökonomie, Politik</subfield>
	</datafield>
	<datafield ind1="1" ind2="7" tag="600">
		<subfield code="a">Foucault, Michel</subfield>
		<subfield code="2">rero</subfield>
		<subfield code="0">(IDREF)026870290</subfield>
	</datafield>
	<datafield ind1=" " ind2="7" tag="650">
		<subfield code="a">Autrui</subfield>
		<subfield code="2">rero</subfield>
	</datafield>
	<datafield ind1=" " ind2="7" tag="650">
		<subfield code="a">Sujet (philosophie)</subfield>
		<subfield code="2">rero</subfield>
	</datafield>
	<datafield ind1=" " ind2="7" tag="655">
		<subfield code="a">[Études diverses]</subfield>
		<subfield code="2">rero</subfield>
	</datafield>
	<datafield ind1="1" ind2=" " tag="700">
		<subfield code="a">Reuter, Ulrike</subfield>
		<subfield code="0">(IDREF)057487359</subfield>
	</datafield>
	<datafield ind1="1" ind2=" " tag="700">
		<subfield code="a">Wolfstetter, Lothar</subfield>
		<subfield code="0">(IDREF)251612848</subfield>
	</datafield>
	<datafield ind1=" " ind2="0" tag="830">
		<subfield code="a">Materialis-Programm</subfield>
		<subfield code="v">31</subfield>
		<subfield code="w">REROILS:2000085</subfield>
	</datafield>
	<datafield ind1=" " ind2=" " tag="900">
		<subfield code="a">noselfmerge</subfield>
	</datafield>
	<datafield ind1=" " ind2=" " tag="919">
		<subfield code="9">600 17</subfield>
		<subfield code="a">Foucault, Michel</subfield>
		<subfield code="v">[études diverses]</subfield>
		<subfield code="2">chrero</subfield>
	</datafield>
	<datafield ind1=" " ind2=" " tag="919">
		<subfield code="9">650 _7</subfield>
		<subfield code="a">autrui</subfield>
		<subfield code="x">sujet (philosophie)</subfield>
		<subfield code="2">chrero</subfield>
	</datafield>
	<datafield ind1=" " ind2=" " tag="956">
		<subfield code="a">frbcuc</subfield>
	</datafield>
	<datafield ind1=" " ind2=" " tag="981">
		<subfield code="2">CDU</subfield>
		<subfield code="a">1&quot;1956&quot;Fou3</subfield>
	</datafield>
</record>