

<record>
	<leader>01428nam a2200421 a 4500</leader>
	<controlfield tag="001">REROILS:144</controlfield>
	<controlfield tag="003">RERO</controlfield>
	<controlfield tag="005">20200711114400.0</controlfield>
	<controlfield tag="008">930603s1993    fr |||||| ||||00|| |fre d</controlfield>
	<datafield ind1=" " ind2=" " tag="020">
		<subfield code="a">9782715809994</subfield>
	</datafield>
	<datafield ind1="7" ind2=" " tag="024">
		<subfield code="a">http://catalogue.bnf.fr/ark:/12148/cb35585752z</subfield>
		<subfield code="2">uri</subfield>
	</datafield>
	<datafield ind1=" " ind2=" " tag="035">
		<subfield code="a">1691262</subfield>
	</datafield>
	<datafield ind1=" " ind2="9" tag="039">
		<subfield code="a">202007111144</subfield>
		<subfield code="b">VLOAD</subfield>
		<subfield code="c">201908220958</subfield>
		<subfield code="d">AUTHORITY</subfield>
		<subfield code="c">201807261023</subfield>
		<subfield code="d">VLOAD</subfield>
		<subfield code="c">201705171305</subfield>
		<subfield code="d">VLOAD</subfield>
		<subfield code="y">1999030101330000</subfield>
		<subfield code="z">load</subfield>
	</datafield>
	<datafield ind1=" " ind2=" " tag="040">
		<subfield code="a">RERO neubfl</subfield>
	</datafield>
	<datafield ind1=" " ind2="7" tag="072">
		<subfield code="a">s1fr</subfield>
		<subfield code="2">rero</subfield>
	</datafield>
	<datafield ind1=" " ind2="7" tag="072">
		<subfield code="a">s2ba</subfield>
		<subfield code="2">rero</subfield>
	</datafield>
	<datafield ind1="1" ind2=" " tag="100">
		<subfield code="a">Maupassant, Guy de,</subfield>
		<subfield code="d">1850-1893</subfield>
		<subfield code="4">cre</subfield>
		<subfield code="0">(IDREF)027018466</subfield>
	</datafield>
	<datafield ind1="1" ind2="0" tag="245">
		<subfield code="a">Au Salon :</subfield>
		<subfield code="b">chroniques sur la peinture /</subfield>
		<subfield code="c">Guy de Maupassant ; préf. et notes de Vladimir Biaggi</subfield>
	</datafield>
	<datafield ind1=" " ind2="1" tag="264">
		<subfield code="a">Paris :</subfield>
		<subfield code="b">Ed. Balland,</subfield>
		<subfield code="c">1993</subfield>
	</datafield>
	<datafield ind1=" " ind2=" " tag="300">
		<subfield code="a">176 p. ;</subfield>
		<subfield code="c">20 cm</subfield>
	</datafield>
	<datafield ind1=" " ind2=" " tag="336">
		<subfield code="b">txt</subfield>
		<subfield code="2">rdacontent</subfield>
	</datafield>
	<datafield ind1=" " ind2=" " tag="337">
		<subfield code="b">n</subfield>
		<subfield code="2">rdamedia</subfield>
	</datafield>
	<datafield ind1=" " ind2=" " tag="338">
		<subfield code="b">nc</subfield>
		<subfield code="2">rdacarrier</subfield>
	</datafield>
	<datafield ind1=" " ind2=" " tag="339">
		<subfield code="a">docmaintype_book</subfield>
		<subfield code="b">docsubtype_other_book</subfield>
	</datafield>
	<datafield ind1="1" ind2=" " tag="490">
		<subfield code="a">Renaissances</subfield>
	</datafield>
	<datafield ind1="1" ind2=" " tag="700">
		<subfield code="a">Biaggi, Vladimir</subfield>
		<subfield code="0">(IDREF)032189192</subfield>
	</datafield>
	<datafield ind1=" " ind2="0" tag="830">
		<subfield code="a">Renaissances</subfield>
		<subfield code="w">REROILS:2000086</subfield>
	</datafield>
	<datafield ind1=" " ind2=" " tag="900">
		<subfield code="a">noselfmerge</subfield>
	</datafield>
	<datafield ind1=" " ind2=" " tag="956">
		<subfield code="a">frbcuc</subfield>
	</datafield>
	<datafield ind1=" " ind2=" " tag="957">
		<subfield code="a">geulha gevbaa</subfield>
	</datafield>
	<datafield ind1=" " ind2=" " tag="962">
		<subfield code="a">neubfl</subfield>
	</datafield>
	<datafield ind1=" " ind2=" " tag="982">
		<subfield code="2">ge-baap</subfield>
		<subfield code="a">6 1881-1886</subfield>
	</datafield>
	<datafield ind1=" " ind2=" " tag="982">
		<subfield code="2">ge-ulha</subfield>
		<subfield code="a">Ah 1 F MAUP au scs</subfield>
	</datafield>
	<datafield ind1=" " ind2=" " tag="984">
		<subfield code="2">cdu-neubfl-fr</subfield>
		<subfield code="a">840&quot;18&quot;MAU3</subfield>
	</datafield>
	<datafield ind1=" " ind2=" " tag="992">
		<subfield code="a">BFLA 68025</subfield>
		<subfield code="x">ge/ulha/a/93/334</subfield>
	</datafield>
	<datafield ind1=" " ind2=" " tag="992">
		<subfield code="a">BAA AD 1789</subfield>
		<subfield code="x">ge/vbaa/a/93/364</subfield>
	</datafield>
	<datafield ind1=" " ind2=" " tag="994">
		<subfield code="a">NELA 38909</subfield>
		<subfield code="x">ne/ubfl/a</subfield>
	</datafield>
</record>