

<record>
	<leader>01246nam a22003492a 4500</leader>
	<controlfield tag="001">REROILS:203</controlfield>
	<controlfield tag="003">RERO</controlfield>
	<controlfield tag="005">20191114155200.0</controlfield>
	<controlfield tag="008">110218s2005    fr ||| |  ||||00|  |fre d</controlfield>
	<datafield ind1=" " ind2=" " tag="019">
		<subfield code="a">Notice créée dans le cadre de la migration de la BM Delémont</subfield>
		<subfield code="9">jubmda/06.2011</subfield>
	</datafield>
	<datafield ind1=" " ind2=" " tag="020">
		<subfield code="a">9782708238084</subfield>
	</datafield>
	<datafield ind1="7" ind2=" " tag="024">
		<subfield code="a">http://catalogue.bnf.fr/ark:/12148/cb39968036b</subfield>
		<subfield code="2">uri</subfield>
	</datafield>
	<datafield ind1=" " ind2=" " tag="035">
		<subfield code="a">R006035429</subfield>
	</datafield>
	<datafield ind1=" " ind2="9" tag="039">
		<subfield code="a">201911141552</subfield>
		<subfield code="b">VLOAD</subfield>
		<subfield code="c">201804031703</subfield>
		<subfield code="d">VLOAD</subfield>
		<subfield code="c">201705301339</subfield>
		<subfield code="d">VLOAD</subfield>
		<subfield code="c">201508071642</subfield>
		<subfield code="d">4988</subfield>
		<subfield code="y">201106171601</subfield>
		<subfield code="z">VLOAD</subfield>
	</datafield>
	<datafield ind1=" " ind2=" " tag="040">
		<subfield code="a">RERO jubmda</subfield>
	</datafield>
	<datafield ind1=" " ind2="7" tag="072">
		<subfield code="a">s1zz</subfield>
		<subfield code="2">rero</subfield>
	</datafield>
	<datafield ind1="1" ind2=" " tag="100">
		<subfield code="a">Dabit, Daniel</subfield>
		<subfield code="4">cre</subfield>
		<subfield code="0">(IDREF)23529182X</subfield>
	</datafield>
	<datafield ind1="1" ind2="0" tag="245">
		<subfield code="a">Mon combat contre l'alcoolisme :</subfield>
		<subfield code="b">le témoignage d'un ancien policier /</subfield>
		<subfield code="c">Daniel Dabit, Pierre Boidin</subfield>
	</datafield>
	<datafield ind1=" " ind2="1" tag="264">
		<subfield code="a">Paris :</subfield>
		<subfield code="b">Ed. de l'Atelier,</subfield>
		<subfield code="c">2005</subfield>
	</datafield>
	<datafield ind1=" " ind2=" " tag="300">
		<subfield code="a">175 p. ;</subfield>
		<subfield code="c">21 cm</subfield>
	</datafield>
	<datafield ind1=" " ind2=" " tag="336">
		<subfield code="b">txt</subfield>
		<subfield code="2">rdacontent</subfield>
	</datafield>
	<datafield ind1=" " ind2=" " tag="337">
		<subfield code="b">n</subfield>
		<subfield code="2">rdamedia</subfield>
	</datafield>
	<datafield ind1=" " ind2=" " tag="338">
		<subfield code="b">nc</subfield>
		<subfield code="2">rdacarrier</subfield>
	</datafield>
	<datafield ind1=" " ind2=" " tag="339">
		<subfield code="a">docmaintype_book</subfield>
		<subfield code="b">docsubtype_other_book</subfield>
	</datafield>
	<datafield ind1="0" ind2=" " tag="490">
		<subfield code="a">La Vie au coeur</subfield>
	</datafield>
	<datafield ind1="1" ind2=" " tag="700">
		<subfield code="a">Boidin, Pierre</subfield>
		<subfield code="0">(IDREF)235279471</subfield>
	</datafield>
	<datafield ind1=" " ind2=" " tag="900">
		<subfield code="a">noselfmerge</subfield>
	</datafield>
	<datafield ind1=" " ind2=" " tag="904">
		<subfield code="a">jubmdare op141006</subfield>
	</datafield>
	<datafield ind1=" " ind2=" " tag="960">
		<subfield code="a">jubmda</subfield>
	</datafield>
	<datafield ind1=" " ind2=" " tag="984">
		<subfield code="2">jubmd</subfield>
		<subfield code="a">ALCOOL</subfield>
	</datafield>
	<datafield ind1=" " ind2=" " tag="984">
		<subfield code="2">jubmd</subfield>
		<subfield code="a">ALCOOLISME</subfield>
	</datafield>
</record>