

<record>
	<leader>01576nam a2200445 a 4500</leader>
	<controlfield tag="001">REROILS:93</controlfield>
	<controlfield tag="003">RERO</controlfield>
	<controlfield tag="005">20201006112500.0</controlfield>
	<controlfield tag="008">000912s1999    it ||| |  ||||00|  |ita d</controlfield>
	<datafield ind1=" " ind2=" " tag="020">
		<subfield code="a">9788814076763</subfield>
	</datafield>
	<datafield ind1=" " ind2=" " tag="035">
		<subfield code="a">R266342060</subfield>
	</datafield>
	<datafield ind1=" " ind2=" " tag="039">
		<subfield code="b">7504i</subfield>
	</datafield>
	<datafield ind1=" " ind2="9" tag="039">
		<subfield code="a">202010061125</subfield>
		<subfield code="b">VLOAD</subfield>
		<subfield code="c">201709252139</subfield>
		<subfield code="d">VLOAD</subfield>
		<subfield code="c">201706111105</subfield>
		<subfield code="d">VLOAD</subfield>
		<subfield code="c">201701261456</subfield>
		<subfield code="d">7878</subfield>
		<subfield code="y">200009121522</subfield>
		<subfield code="z">VLOAD</subfield>
	</datafield>
	<datafield ind1=" " ind2=" " tag="040">
		<subfield code="a">RERO geubfd</subfield>
	</datafield>
	<datafield ind1=" " ind2="7" tag="072">
		<subfield code="a">s1dr</subfield>
		<subfield code="2">rero</subfield>
	</datafield>
	<datafield ind1="1" ind2=" " tag="100">
		<subfield code="a">Baratta, Roberto</subfield>
		<subfield code="4">cre</subfield>
		<subfield code="0">(IDREF)032450877</subfield>
	</datafield>
	<datafield ind1="1" ind2="4" tag="245">
		<subfield code="a">Gli effetti delle riserve ai trattati /</subfield>
		<subfield code="c">Roberto Baratta</subfield>
	</datafield>
	<datafield ind1=" " ind2="1" tag="264">
		<subfield code="a">Milano :</subfield>
		<subfield code="b">A. Giuffrè,</subfield>
		<subfield code="c">1999</subfield>
	</datafield>
	<datafield ind1=" " ind2=" " tag="300">
		<subfield code="a">IX, 437 p. ;</subfield>
		<subfield code="c">24 cm</subfield>
	</datafield>
	<datafield ind1=" " ind2=" " tag="336">
		<subfield code="b">txt</subfield>
		<subfield code="2">rdacontent</subfield>
	</datafield>
	<datafield ind1=" " ind2=" " tag="337">
		<subfield code="b">n</subfield>
		<subfield code="2">rdamedia</subfield>
	</datafield>
	<datafield ind1=" " ind2=" " tag="338">
		<subfield code="b">nc</subfield>
		<subfield code="2">rdacarrier</subfield>
	</datafield>
	<datafield ind1=" " ind2=" " tag="339">
		<subfield code="a">docmaintype_book</subfield>
		<subfield code="b">docsubtype_other_book</subfield>
	</datafield>
	<datafield ind1="1" ind2=" " tag="490">
		<subfield code="a">Pubblicazioni della facoltà di giurisprudenza / Università di Macerata. 2a serie</subfield>
		<subfield code="v">95</subfield>
	</datafield>
	<datafield ind1=" " ind2=" " tag="500">
		<subfield code="a">English summary</subfield>
	</datafield>
	<datafield ind1=" " ind2="7" tag="650">
		<subfield code="a">réserve (clause)</subfield>
		<subfield code="2">rerovoc</subfield>
	</datafield>
	<datafield ind1=" " ind2="7" tag="650">
		<subfield code="a">Traités</subfield>
		<subfield code="2">rero</subfield>
	</datafield>
	<datafield ind1=" " ind2="0" tag="830">
		<subfield code="a">Pubblicazioni della Facoltà di giurisprudenza, Università di Macerata</subfield>
		<subfield code="v">95</subfield>
		<subfield code="w">REROILS:2000087</subfield>
	</datafield>
	<datafield ind1=" " ind2=" " tag="900">
		<subfield code="a">noselfmerge</subfield>
	</datafield>
	<datafield ind1=" " ind2=" " tag="901">
		<subfield code="a">LAR BFD</subfield>
		<subfield code="b">2001/03</subfield>
		<subfield code="c">09</subfield>
	</datafield>
	<datafield ind1=" " ind2=" " tag="902">
		<subfield code="a">geubfd</subfield>
		<subfield code="b">2000/03</subfield>
		<subfield code="c">09</subfield>
	</datafield>
	<datafield ind1=" " ind2=" " tag="902">
		<subfield code="a">geheid</subfield>
		<subfield code="b">2017/01</subfield>
		<subfield code="c">341</subfield>
	</datafield>
	<datafield ind1=" " ind2=" " tag="919">
		<subfield code="9">650 _7</subfield>
		<subfield code="a">réserve (clause)</subfield>
		<subfield code="x">traité international</subfield>
		<subfield code="2">chrero</subfield>
	</datafield>
	<datafield ind1=" " ind2=" " tag="956">
		<subfield code="a">frbcuc</subfield>
	</datafield>
	<datafield ind1=" " ind2=" " tag="957">
		<subfield code="a">geheid geubfd</subfield>
	</datafield>
	<datafield ind1=" " ind2=" " tag="980">
		<subfield code="2">dr-sys</subfield>
		<subfield code="a">D 15 h</subfield>
	</datafield>
	<datafield ind1=" " ind2=" " tag="982">
		<subfield code="2">dr-geubfd</subfield>
		<subfield code="a">D 15 h BARA 1999</subfield>
	</datafield>
	<datafield ind1=" " ind2=" " tag="982">
		<subfield code="2">heid</subfield>
		<subfield code="a">341.24</subfield>
	</datafield>
	<datafield ind1=" " ind2=" " tag="982">
		<subfield code="2">ge-heid</subfield>
		<subfield code="a">341.24 HEIA 116278</subfield>
	</datafield>
</record>