

<record>
	<leader>01447njm a2200385 a 4500</leader>
	<controlfield tag="001">REROILS:210</controlfield>
	<controlfield tag="003">RERO</controlfield>
	<controlfield tag="005">20170518095100.0</controlfield>
	<controlfield tag="007">s|</controlfield>
	<controlfield tag="008">960725s1996    xx |||||| ||||  |  |ita d</controlfield>
	<datafield ind1="0" ind2="2" tag="028">
		<subfield code="a">Archiv 447 088-2</subfield>
	</datafield>
	<datafield ind1=" " ind2=" " tag="035">
		<subfield code="a">2235477</subfield>
	</datafield>
	<datafield ind1=" " ind2="9" tag="039">
		<subfield code="a">201705180951</subfield>
		<subfield code="b">VLOAD</subfield>
		<subfield code="c">201704011121</subfield>
		<subfield code="d">VLOAD</subfield>
		<subfield code="c">201212081047</subfield>
		<subfield code="d">VLOAD</subfield>
		<subfield code="c">200812230015</subfield>
		<subfield code="d">VLOAD</subfield>
		<subfield code="y">1999030115390000</subfield>
		<subfield code="z">load</subfield>
	</datafield>
	<datafield ind1=" " ind2=" " tag="040">
		<subfield code="a">RERO labcur</subfield>
	</datafield>
	<datafield ind1=" " ind2="7" tag="072">
		<subfield code="a">s1mu</subfield>
		<subfield code="2">rero</subfield>
	</datafield>
	<datafield ind1="1" ind2=" " tag="100">
		<subfield code="a">Monteverdi, Claudio</subfield>
		<subfield code="4">cre</subfield>
		<subfield code="0">(IDREF)028320549</subfield>
	</datafield>
	<datafield ind1="1" ind2="2" tag="245">
		<subfield code="a">L'incoronazione di Poppea /</subfield>
		<subfield code="c">Claudio Monteverdi</subfield>
	</datafield>
	<datafield ind1=" " ind2="1" tag="264">
		<subfield code="a">[Lieu de publication non identifié] :</subfield>
		<subfield code="b">Archiv,</subfield>
		<subfield code="c">P 1996</subfield>
	</datafield>
	<datafield ind1=" " ind2=" " tag="300">
		<subfield code="a">3 disques compacts en 1 coffret :</subfield>
		<subfield code="b">stéréo (DDD) ;</subfield>
		<subfield code="c">12 cm +</subfield>
		<subfield code="e">1 livret</subfield>
	</datafield>
	<datafield ind1=" " ind2=" " tag="336">
		<subfield code="b">prm</subfield>
		<subfield code="2">rdacontent</subfield>
	</datafield>
	<datafield ind1=" " ind2=" " tag="337">
		<subfield code="b">s</subfield>
		<subfield code="2">rdamedia</subfield>
	</datafield>
	<datafield ind1=" " ind2=" " tag="338">
		<subfield code="b">sd</subfield>
		<subfield code="2">rdacarrier</subfield>
	</datafield>
	<datafield ind1=" " ind2=" " tag="339">
		<subfield code="a">docmaintype_audio</subfield>
		<subfield code="b">docsubtype_music</subfield>
	</datafield>
	<datafield ind1=" " ind2=" " tag="500">
		<subfield code="a">Livret de Giovanni Francesco Busenello</subfield>
	</datafield>
	<datafield ind1="0" ind2=" " tag="511">
		<subfield code="a">Interpr.: Gardiner, John Eliot (direction) ; Hanchard, Dana (soprano, Nerone) ; Otter, Anne-Sofie von (mezzo-soprano, Ottavia) ; MacNair, Sylvia (soprano, Poppea) ; Chance, Michael (haute-contre, Ottone) ; English Baroque Soloists (ensemble instr.)</subfield>
	</datafield>
	<datafield ind1="1" ind2=" " tag="700">
		<subfield code="a">Gardiner, John Eliot,</subfield>
		<subfield code="d">1943-</subfield>
	</datafield>
	<datafield ind1="1" ind2=" " tag="700">
		<subfield code="a">Chance, Michael</subfield>
		<subfield code="0">(IDREF)07950535X</subfield>
	</datafield>
	<datafield ind1="1" ind2=" " tag="700">
		<subfield code="a">Hanchard, Dana</subfield>
		<subfield code="0">(IDREF)190059915</subfield>
	</datafield>
	<datafield ind1="1" ind2=" " tag="700">
		<subfield code="a">Otter, Anne-Sofie von</subfield>
		<subfield code="0">(IDREF)060995254</subfield>
	</datafield>
	<datafield ind1="1" ind2=" " tag="700">
		<subfield code="a">McNair, Sylvia,</subfield>
		<subfield code="d">1956-</subfield>
		<subfield code="0">(IDREF)079505341</subfield>
	</datafield>
	<datafield ind1="2" ind2=" " tag="710">
		<subfield code="a">English Baroque Soloists</subfield>
		<subfield code="0">(IDREF)080667198</subfield>
	</datafield>
	<datafield ind1=" " ind2=" " tag="900">
		<subfield code="a">noselfmerge</subfield>
	</datafield>
	<datafield ind1=" " ind2=" " tag="936">
		<subfield code="a">basmPH6966</subfield>
	</datafield>
	<datafield ind1=" " ind2=" " tag="973">
		<subfield code="a">vsbasm</subfield>
	</datafield>
	<datafield ind1=" " ind2=" " tag="986">
		<subfield code="2">cdu-vsbasm</subfield>
		<subfield code="a">CD PASM 06911</subfield>
	</datafield>
</record>