

<record>
	<leader>01473nam a2200421 a 4500</leader>
	<controlfield tag="001">REROILS:263</controlfield>
	<controlfield tag="003">RERO</controlfield>
	<controlfield tag="005">20170611121800.0</controlfield>
	<controlfield tag="008">001116s1999    gw |||||| ||||00|  |ger d</controlfield>
	<datafield ind1=" " ind2=" " tag="020">
		<subfield code="a">9783409115629</subfield>
	</datafield>
	<datafield ind1=" " ind2=" " tag="035">
		<subfield code="a">R270692360</subfield>
	</datafield>
	<datafield ind1=" " ind2=" " tag="039">
		<subfield code="b">0040</subfield>
		<subfield code="b">0106i</subfield>
	</datafield>
	<datafield ind1=" " ind2="9" tag="039">
		<subfield code="a">201706111218</subfield>
		<subfield code="b">VLOAD</subfield>
		<subfield code="c">200812210823</subfield>
		<subfield code="d">VLOAD</subfield>
		<subfield code="c">200406160814</subfield>
		<subfield code="d">VLOAD</subfield>
		<subfield code="c">200011160016</subfield>
		<subfield code="d">VLOAD0040</subfield>
		<subfield code="y">200009210229</subfield>
		<subfield code="z">VLOAD</subfield>
	</datafield>
	<datafield ind1=" " ind2=" " tag="040">
		<subfield code="a">RERO frbcuc</subfield>
	</datafield>
	<datafield ind1=" " ind2="7" tag="072">
		<subfield code="a">s1se</subfield>
		<subfield code="2">rero</subfield>
	</datafield>
	<datafield ind1="1" ind2=" " tag="100">
		<subfield code="a">Schwetje, Thomas</subfield>
		<subfield code="4">cre</subfield>
	</datafield>
	<datafield ind1="1" ind2="0" tag="245">
		<subfield code="a">Kundenzufriedenheit und Arbeitszufriedenheit bei Dienstleistungen :</subfield>
		<subfield code="b">Operationalisierung und Erklärung der Beziehungen am Beispiel des Handels /</subfield>
		<subfield code="c">Thomas Schwetje</subfield>
	</datafield>
	<datafield ind1=" " ind2="1" tag="264">
		<subfield code="a">Wiesbaden :</subfield>
		<subfield code="b">Gabler,</subfield>
		<subfield code="c">[1999]</subfield>
	</datafield>
	<datafield ind1=" " ind2="4" tag="264">
		<subfield code="c">© 1999</subfield>
	</datafield>
	<datafield ind1=" " ind2=" " tag="300">
		<subfield code="a">XXII, 299 S. :</subfield>
		<subfield code="b">Abb. ;</subfield>
		<subfield code="c">24 cm</subfield>
	</datafield>
	<datafield ind1=" " ind2=" " tag="336">
		<subfield code="b">txt</subfield>
		<subfield code="2">rdacontent</subfield>
	</datafield>
	<datafield ind1=" " ind2=" " tag="337">
		<subfield code="b">n</subfield>
		<subfield code="2">rdamedia</subfield>
	</datafield>
	<datafield ind1=" " ind2=" " tag="338">
		<subfield code="b">nc</subfield>
		<subfield code="2">rdacarrier</subfield>
	</datafield>
	<datafield ind1=" " ind2=" " tag="339">
		<subfield code="a">docmaintype_book</subfield>
		<subfield code="b">docsubtype_other_book</subfield>
	</datafield>
	<datafield ind1="1" ind2=" " tag="490">
		<subfield code="a">Unternehmensführung und Marketing</subfield>
		<subfield code="v">Bd. 37</subfield>
	</datafield>
	<datafield ind1=" " ind2="7" tag="650">
		<subfield code="a">client</subfield>
		<subfield code="2">rerovoc</subfield>
	</datafield>
	<datafield ind1=" " ind2="7" tag="650">
		<subfield code="a">satisfaction</subfield>
		<subfield code="2">rerovoc</subfield>
	</datafield>
	<datafield ind1=" " ind2="7" tag="650">
		<subfield code="a">Services</subfield>
		<subfield code="2">rero</subfield>
	</datafield>
	<datafield ind1=" " ind2="7" tag="650">
		<subfield code="a">Satisfaction au travail</subfield>
		<subfield code="2">rero</subfield>
	</datafield>
	<datafield ind1=" " ind2="7" tag="650">
		<subfield code="a">Marketing relationnel</subfield>
		<subfield code="2">rero</subfield>
	</datafield>
	<datafield ind1=" " ind2="0" tag="830">
		<subfield code="a">Unternehmensführung und Marketing</subfield>
		<subfield code="v">37</subfield>
		<subfield code="w">REROILS:2000088</subfield>
	</datafield>
	<datafield ind1=" " ind2=" " tag="900">
		<subfield code="a">noselfmerge</subfield>
	</datafield>
	<datafield ind1=" " ind2=" " tag="901">
		<subfield code="a">LAR BSES</subfield>
		<subfield code="b">2000/06</subfield>
		<subfield code="c">M</subfield>
	</datafield>
	<datafield ind1=" " ind2=" " tag="919">
		<subfield code="9">650 _7</subfield>
		<subfield code="a">client</subfield>
		<subfield code="x">satisfaction</subfield>
		<subfield code="x">services</subfield>
		<subfield code="2">chrero</subfield>
	</datafield>
	<datafield ind1=" " ind2=" " tag="919">
		<subfield code="9">650 _7</subfield>
		<subfield code="a">satisfaction au travail</subfield>
		<subfield code="x">services</subfield>
		<subfield code="2">chrero</subfield>
	</datafield>
	<datafield ind1=" " ind2=" " tag="919">
		<subfield code="9">650 _7</subfield>
		<subfield code="a">marketing relationnel</subfield>
		<subfield code="x">services</subfield>
		<subfield code="2">chrero</subfield>
	</datafield>
	<datafield ind1=" " ind2=" " tag="956">
		<subfield code="a">frbcuc</subfield>
	</datafield>
	<datafield ind1=" " ind2=" " tag="981">
		<subfield code="2">FSES</subfield>
		<subfield code="a">M235</subfield>
	</datafield>
</record>