

<record>
	<leader>01580nas a2200349 a 4500</leader>
	<controlfield tag="001">REROILS:2000021</controlfield>
	<controlfield tag="003">RERO</controlfield>
	<controlfield tag="005">20170517133200.0</controlfield>
	<controlfield tag="008">910828d18621885xxu|||p|| ||||0 || 0eng d</controlfield>
	<datafield ind1=" " ind2=" " tag="035">
		<subfield code="a">1420167</subfield>
	</datafield>
	<datafield ind1=" " ind2="9" tag="039">
		<subfield code="a">201705171332</subfield>
		<subfield code="b">VLOAD</subfield>
		<subfield code="c">201504201502</subfield>
		<subfield code="d">6083</subfield>
		<subfield code="c">201504201501</subfield>
		<subfield code="d">6083</subfield>
		<subfield code="c">200812221052</subfield>
		<subfield code="d">VLOAD</subfield>
		<subfield code="y">1999022819110000</subfield>
		<subfield code="z">load</subfield>
	</datafield>
	<datafield ind1=" " ind2=" " tag="040">
		<subfield code="a">RERO geusob</subfield>
	</datafield>
	<datafield ind1=" " ind2="7" tag="072">
		<subfield code="a">s1as</subfield>
		<subfield code="2">rero</subfield>
	</datafield>
	<datafield ind1="0" ind2="0" tag="245">
		<subfield code="a">Astronomical and meteorological observations made during the year... at the United States Naval Observatory</subfield>
	</datafield>
	<datafield ind1="3" ind2=" " tag="246">
		<subfield code="a">Washington astronomical and meteorological observations made during the year... at the United States Naval Observatory</subfield>
	</datafield>
	<datafield ind1=" " ind2="1" tag="264">
		<subfield code="a">Washington D.C. :</subfield>
		<subfield code="b">Government Printing Office,</subfield>
		<subfield code="c">1862-1885</subfield>
	</datafield>
	<datafield ind1=" " ind2=" " tag="300">
		<subfield code="c">29 [puis] 30 cm</subfield>
	</datafield>
	<datafield ind1=" " ind2=" " tag="310">
		<subfield code="a">Annuel</subfield>
	</datafield>
	<datafield ind1=" " ind2=" " tag="336">
		<subfield code="b">txt</subfield>
		<subfield code="2">rdacontent</subfield>
	</datafield>
	<datafield ind1=" " ind2=" " tag="337">
		<subfield code="b">n</subfield>
		<subfield code="2">rdamedia</subfield>
	</datafield>
	<datafield ind1=" " ind2=" " tag="338">
		<subfield code="b">nc</subfield>
		<subfield code="2">rdacarrier</subfield>
	</datafield>
	<datafield ind1=" " ind2=" " tag="339">
		<subfield code="a">docmaintype_serial</subfield>
	</datafield>
	<datafield ind1="0" ind2=" " tag="362">
		<subfield code="a">1861(1862)-1882(1885)</subfield>
	</datafield>
	<datafield ind1=" " ind2=" " tag="580">
		<subfield code="a">Fait suite à : Astronomical observations made during the year... at the National Observatory. Devient: Observations made during the year... at the United States Naval Observatory</subfield>
	</datafield>
	<datafield ind1="2" ind2=" " tag="710">
		<subfield code="a">United States.</subfield>
		<subfield code="b">Naval Observatory</subfield>
		<subfield code="0">(IDREF)032910150</subfield>
	</datafield>
	<datafield ind1="1" ind2="0" tag="780">
		<subfield code="t">Astronomical observations made during the year... at the National Observatory</subfield>
		<subfield code="w">REROILS:2000089</subfield>
	</datafield>
	<datafield ind1="1" ind2="0" tag="785">
		<subfield code="t">Observations made during the year... at the United States Naval Observatory</subfield>
		<subfield code="w">REROILS:149</subfield>
	</datafield>
	<datafield ind1=" " ind2=" " tag="900">
		<subfield code="a">noselfmerge</subfield>
	</datafield>
	<datafield ind1=" " ind2=" " tag="957">
		<subfield code="a">geusob gevbge</subfield>
	</datafield>
	<datafield ind1=" " ind2=" " tag="982">
		<subfield code="2">ge-usob</subfield>
		<subfield code="a">73/140</subfield>
	</datafield>
	<datafield ind1=" " ind2=" " tag="992">
		<subfield code="a">OBSP 154</subfield>
		<subfield code="x">ge/usob/d</subfield>
	</datafield>
</record>