

<record>
	<leader>01262nam a2200373 aa4500</leader>
	<controlfield tag="001">REROILS:2000078</controlfield>
	<controlfield tag="003">RERO</controlfield>
	<controlfield tag="005">20190626225000.0</controlfield>
	<controlfield tag="008">990303m19971999fr ||| |  ||||00|  |fre d</controlfield>
	<datafield ind1=" " ind2=" " tag="019">
		<subfield code="a">Niveau supérieur !</subfield>
		<subfield code="9">necfbv/05.2008/3503</subfield>
	</datafield>
	<datafield ind1=" " ind2=" " tag="019">
		<subfield code="a">Notice sommaire, récupérée de la base locale RBNJ.</subfield>
		<subfield code="9">rbnj/11.2008</subfield>
	</datafield>
	<datafield ind1=" " ind2=" " tag="035">
		<subfield code="a">R004799232</subfield>
	</datafield>
	<datafield ind1=" " ind2="9" tag="039">
		<subfield code="a">201906262250</subfield>
		<subfield code="b">VLOAD</subfield>
		<subfield code="c">201901311128</subfield>
		<subfield code="d">VLOAD</subfield>
		<subfield code="c">201901111602</subfield>
		<subfield code="d">VLOAD</subfield>
		<subfield code="c">201705191830</subfield>
		<subfield code="d">VLOAD</subfield>
		<subfield code="y">200812051955</subfield>
		<subfield code="z">VLOAD</subfield>
	</datafield>
	<datafield ind1=" " ind2=" " tag="040">
		<subfield code="a">RERO necfbv</subfield>
	</datafield>
	<datafield ind1=" " ind2="7" tag="072">
		<subfield code="a">s1zz</subfield>
		<subfield code="2">rero</subfield>
	</datafield>
	<datafield ind1="1" ind2=" " tag="100">
		<subfield code="a">Mirallés, Ana</subfield>
		<subfield code="4">cre</subfield>
		<subfield code="0">(IDREF)055277438</subfield>
	</datafield>
	<datafield ind1="1" ind2="0" tag="245">
		<subfield code="a">A la recherche de la Licorne /</subfield>
		<subfield code="c">dessins: Mirallès, scénario: Ruiz</subfield>
	</datafield>
	<datafield ind1=" " ind2="1" tag="264">
		<subfield code="a">Grenoble :</subfield>
		<subfield code="b">Glénat,</subfield>
		<subfield code="c">1997-1999</subfield>
	</datafield>
	<datafield ind1=" " ind2=" " tag="300">
		<subfield code="a">3 vol. :</subfield>
		<subfield code="b">ill. ;</subfield>
		<subfield code="c">30 cm</subfield>
	</datafield>
	<datafield ind1=" " ind2=" " tag="336">
		<subfield code="b">txt</subfield>
		<subfield code="2">rdacontent</subfield>
	</datafield>
	<datafield ind1=" " ind2=" " tag="336">
		<subfield code="b">sti</subfield>
		<subfield code="2">rdacontent</subfield>
	</datafield>
	<datafield ind1=" " ind2=" " tag="337">
		<subfield code="b">n</subfield>
		<subfield code="2">rdamedia</subfield>
	</datafield>
	<datafield ind1=" " ind2=" " tag="338">
		<subfield code="b">nc</subfield>
		<subfield code="2">rdacarrier</subfield>
	</datafield>
	<datafield ind1=" " ind2=" " tag="339">
		<subfield code="a">docmaintype_comic</subfield>
		<subfield code="b">docsubtype_comic</subfield>
	</datafield>
	<datafield ind1="1" ind2=" " tag="490">
		<subfield code="a">Collection &quot;Vécu&quot;</subfield>
	</datafield>
	<datafield ind1=" " ind2="7" tag="655">
		<subfield code="a">[Bandes dessinées]</subfield>
		<subfield code="2">rero</subfield>
	</datafield>
	<datafield ind1="1" ind2=" " tag="700">
		<subfield code="a">Ruiz, Emilio</subfield>
		<subfield code="0">(IDREF)168196565</subfield>
	</datafield>
	<datafield ind1=" " ind2="0" tag="830">
		<subfield code="a">Collection &quot;Vécu&quot;.</subfield>
		<subfield code="p">Glénat</subfield>
		<subfield code="w">REROILS:2000079</subfield>
	</datafield>
	<datafield ind1=" " ind2=" " tag="900">
		<subfield code="a">noselfmerge</subfield>
	</datafield>
	<datafield ind1=" " ind2=" " tag="904">
		<subfield code="a">rbnjbdgeac</subfield>
	</datafield>
	<datafield ind1=" " ind2=" " tag="962">
		<subfield code="a">necfbv</subfield>
	</datafield>
	<datafield ind1=" " ind2=" " tag="973">
		<subfield code="a">vsbcce</subfield>
	</datafield>
	<datafield ind1=" " ind2=" " tag="986">
		<subfield code="2">cdu-vsmart</subfield>
		<subfield code="a">ALAR</subfield>
	</datafield>
</record>