

<record>
	<leader>00662nas a22002177a 4500</leader>
	<controlfield tag="001">REROILS:2000035</controlfield>
	<controlfield tag="003">RERO</controlfield>
	<controlfield tag="005">20170601161400.0</controlfield>
	<controlfield tag="008">140130u        xx |||m|  ||||0 |  0und d</controlfield>
	<datafield ind1=" " ind2=" " tag="035">
		<subfield code="a">R007621125</subfield>
	</datafield>
	<datafield ind1=" " ind2="9" tag="039">
		<subfield code="a">201706011614</subfield>
		<subfield code="b">VLOAD</subfield>
		<subfield code="c">201505130913</subfield>
		<subfield code="d">VLOAD</subfield>
		<subfield code="c">201401301541</subfield>
		<subfield code="d">7335</subfield>
		<subfield code="y">201401301526</subfield>
		<subfield code="z">7335</subfield>
	</datafield>
	<datafield ind1=" " ind2=" " tag="040">
		<subfield code="a">RERO geular</subfield>
	</datafield>
	<datafield ind1="0" ind2="0" tag="245">
		<subfield code="a">Silsilat ḥikāyat Miṣr</subfield>
	</datafield>
	<datafield ind1=" " ind2="1" tag="264">
		<subfield code="a">al-Qāhirah :</subfield>
		<subfield code="b">al-Hayʾat al-ʿāmmah li-quṣūr al-thaqāfa</subfield>
	</datafield>
	<datafield ind1=" " ind2=" " tag="336">
		<subfield code="b">txt</subfield>
		<subfield code="2">rdacontent</subfield>
	</datafield>
	<datafield ind1=" " ind2=" " tag="337">
		<subfield code="b">n</subfield>
		<subfield code="2">rdamedia</subfield>
	</datafield>
	<datafield ind1=" " ind2=" " tag="338">
		<subfield code="b">nc</subfield>
		<subfield code="2">rdacarrier</subfield>
	</datafield>
	<datafield ind1=" " ind2=" " tag="339">
		<subfield code="a">docmaintype_series</subfield>
	</datafield>
	<datafield ind1=" " ind2=" " tag="900">
		<subfield code="a">noselfmerge</subfield>
	</datafield>
	<datafield ind1=" " ind2=" " tag="900">
		<subfield code="a">reroslsp</subfield>
	</datafield>
</record>