

<record>
	<leader>04316nam a2201129 a 4500</leader>
	<controlfield tag="001">REROILS:2000003</controlfield>
	<controlfield tag="003">RERO</controlfield>
	<controlfield tag="005">20201016082800.0</controlfield>
	<controlfield tag="008">910618s1991    sz |||||| ||||00|| |ger d</controlfield>
	<datafield ind1=" " ind2=" " tag="019">
		<subfield code="a">A des notices analytiques.</subfield>
		<subfield code="9">05.10.1994/neueth/rw</subfield>
	</datafield>
	<datafield ind1=" " ind2=" " tag="035">
		<subfield code="a">1391159</subfield>
	</datafield>
	<datafield ind1=" " ind2=" " tag="039">
		<subfield code="b">9400</subfield>
	</datafield>
	<datafield ind1=" " ind2="7" tag="039">
		<subfield code="b">4401</subfield>
	</datafield>
	<datafield ind1=" " ind2="9" tag="039">
		<subfield code="a">202010160828</subfield>
		<subfield code="b">VLOAD</subfield>
		<subfield code="c">202007100913</subfield>
		<subfield code="d">VLOAD</subfield>
		<subfield code="c">202002180933</subfield>
		<subfield code="d">1039</subfield>
		<subfield code="c">202001202119</subfield>
		<subfield code="d">VLOAD</subfield>
		<subfield code="y">1999022818300000</subfield>
		<subfield code="z">load</subfield>
	</datafield>
	<datafield ind1=" " ind2=" " tag="040">
		<subfield code="a">RERO vsbcvs</subfield>
	</datafield>
	<datafield ind1="0" ind2=" " tag="041">
		<subfield code="a">ger</subfield>
		<subfield code="a">fre</subfield>
	</datafield>
	<datafield ind1=" " ind2=" " tag="044">
		<subfield code="a">sz</subfield>
		<subfield code="c">ch-vs</subfield>
	</datafield>
	<datafield ind1=" " ind2="7" tag="072">
		<subfield code="a">s1et</subfield>
		<subfield code="2">rero</subfield>
	</datafield>
	<datafield ind1=" " ind2="7" tag="072">
		<subfield code="a">s2ht</subfield>
		<subfield code="2">rero</subfield>
	</datafield>
	<datafield ind1="0" ind2="0" tag="245">
		<subfield code="a">Valais d'émigration :</subfield>
		<subfield code="b">publication accompagnant l'exposition Ubi bene ibi patria - Valais d'émigration XVIe - XXe siècle, Musée cantonal d'histoire et d'ethnographie Valère 24 mai - 3 novembre 1991 = Auswanderungsland Wallis : Begleitpublikation zur Ausstellung Ubi bene ibi patria - Auswanderungsland Wallis 16. - 20. Jahrhundert, Kantonales Museum für Geschichte und Ethnographie Valère 24. Mai - 3. November 1991 /</subfield>
		<subfield code="c">[réd.: Thomas Antonietti et Marie Claude Morand] ; [trad. des résumés: Yves Barras et Evelyne Gard] ; [Übers. der Zusammenfassungen: Thomas Antonietti]</subfield>
	</datafield>
	<datafield ind1="3" ind2=" " tag="246">
		<subfield code="a">Auswanderungsland Wallis</subfield>
	</datafield>
	<datafield ind1="3" ind2=" " tag="246">
		<subfield code="a">Ubi bene ibi patria</subfield>
	</datafield>
	<datafield ind1=" " ind2="1" tag="264">
		<subfield code="a">Sion :</subfield>
		<subfield code="b">Ed. des Musées cantonaux du Valais,</subfield>
		<subfield code="c">1991</subfield>
	</datafield>
	<datafield ind1=" " ind2="3" tag="264">
		<subfield code="a">Sion :</subfield>
		<subfield code="b">Impr. Constantin &amp; Stella</subfield>
	</datafield>
	<datafield ind1=" " ind2=" " tag="300">
		<subfield code="a">301 p. :</subfield>
		<subfield code="b">ill. ;</subfield>
		<subfield code="c">25 cm</subfield>
	</datafield>
	<datafield ind1=" " ind2=" " tag="336">
		<subfield code="b">txt</subfield>
		<subfield code="2">rdacontent</subfield>
	</datafield>
	<datafield ind1=" " ind2=" " tag="337">
		<subfield code="b">n</subfield>
		<subfield code="2">rdamedia</subfield>
	</datafield>
	<datafield ind1=" " ind2=" " tag="338">
		<subfield code="b">nc</subfield>
		<subfield code="2">rdacarrier</subfield>
	</datafield>
	<datafield ind1=" " ind2=" " tag="339">
		<subfield code="a">docmaintype_book</subfield>
		<subfield code="b">docsubtype_other_book</subfield>
	</datafield>
	<datafield ind1="1" ind2=" " tag="490">
		<subfield code="a">Cahiers d'ethnologie valaisanne</subfield>
		<subfield code="v">n⁰ 2</subfield>
	</datafield>
	<datafield ind1="1" ind2=" " tag="490">
		<subfield code="a">Ethnologische Reihe</subfield>
		<subfield code="v">2</subfield>
	</datafield>
	<datafield ind1=" " ind2=" " tag="500">
		<subfield code="a">Exposition. Sion. Musée cantonal d'histoire et d'ethnographie. 1991</subfield>
	</datafield>
	<datafield ind1=" " ind2="7" tag="650">
		<subfield code="a">émigration suisse valaisanne</subfield>
		<subfield code="2">rerovoc</subfield>
	</datafield>
	<datafield ind1=" " ind2="7" tag="650">
		<subfield code="a">16e siècle-20e siècle</subfield>
		<subfield code="2">rero</subfield>
	</datafield>
	<datafield ind1=" " ind2="7" tag="650">
		<subfield code="a">19e siècle-20e siècle</subfield>
		<subfield code="2">rero</subfield>
	</datafield>
	<datafield ind1=" " ind2="7" tag="650">
		<subfield code="a">Ethnologie</subfield>
		<subfield code="2">rero</subfield>
	</datafield>
	<datafield ind1=" " ind2="7" tag="650">
		<subfield code="a">Émigration et immigration</subfield>
		<subfield code="2">rero</subfield>
	</datafield>
	<datafield ind1=" " ind2="7" tag="651">
		<subfield code="a">Valais (Suisse)</subfield>
		<subfield code="2">rero</subfield>
	</datafield>
	<datafield ind1=" " ind2="7" tag="655">
		<subfield code="a">[Catalogues d'exposition]</subfield>
		<subfield code="2">rero</subfield>
	</datafield>
	<datafield ind1="1" ind2=" " tag="700">
		<subfield code="a">Antonietti, Thomas,</subfield>
		<subfield code="d">1954-</subfield>
		<subfield code="0">(IDREF)158632400</subfield>
	</datafield>
	<datafield ind1="1" ind2=" " tag="700">
		<subfield code="a">Morand, Marie Claude</subfield>
	</datafield>
	<datafield ind1="1" ind2=" " tag="700">
		<subfield code="a">Barras, Yves</subfield>
	</datafield>
	<datafield ind1="1" ind2=" " tag="700">
		<subfield code="a">Gard, Evelyne</subfield>
	</datafield>
	<datafield ind1="2" ind2=" " tag="710">
		<subfield code="a">Musée cantonal d'histoire et d'ethnographie (Sion)</subfield>
	</datafield>
	<datafield ind1=" " ind2="0" tag="830">
		<subfield code="a">Cahiers d'ethnologie valaisanne</subfield>
		<subfield code="v">2</subfield>
		<subfield code="w">REROILS:2000090</subfield>
	</datafield>
	<datafield ind1=" " ind2="0" tag="830">
		<subfield code="a">Ethnologische Reihe</subfield>
		<subfield code="v">2</subfield>
		<subfield code="w">REROILS:2000091</subfield>
	</datafield>
	<datafield ind1=" " ind2=" " tag="900">
		<subfield code="a">noselfmerge</subfield>
	</datafield>
	<datafield ind1=" " ind2=" " tag="902">
		<subfield code="a">gecaeg</subfield>
		<subfield code="b">2001/11</subfield>
		<subfield code="c">03</subfield>
	</datafield>
	<datafield ind1=" " ind2=" " tag="904">
		<subfield code="a">neuetg</subfield>
	</datafield>
	<datafield ind1=" " ind2=" " tag="904">
		<subfield code="a">neubflschüle</subfield>
	</datafield>
	<datafield ind1=" " ind2=" " tag="904">
		<subfield code="a">neulcdna</subfield>
		<subfield code="b">2018/08</subfield>
	</datafield>
	<datafield ind1=" " ind2=" " tag="906">
		<subfield code="a">gdv</subfield>
	</datafield>
	<datafield ind1=" " ind2=" " tag="906">
		<subfield code="a">bfpg</subfield>
		<subfield code="b">2007/09</subfield>
	</datafield>
	<datafield ind1=" " ind2=" " tag="906">
		<subfield code="a">bvs</subfield>
	</datafield>
	<datafield ind1=" " ind2=" " tag="906">
		<subfield code="a">valais</subfield>
		<subfield code="b">2009/09</subfield>
	</datafield>
	<datafield ind1=" " ind2=" " tag="906">
		<subfield code="a">ecav</subfield>
		<subfield code="b">2010/07</subfield>
		<subfield code="c">6</subfield>
	</datafield>
	<datafield ind1=" " ind2=" " tag="906">
		<subfield code="a">bibliogrvs</subfield>
	</datafield>
	<datafield ind1=" " ind2=" " tag="919">
		<subfield code="9">650 _7</subfield>
		<subfield code="a">émigration suisse valaisanne</subfield>
		<subfield code="x">* ethnographie</subfield>
		<subfield code="y">16e s. / 20e s.</subfield>
		<subfield code="v">[catalogue d'exposition]</subfield>
		<subfield code="2">chrero</subfield>
	</datafield>
	<datafield ind1=" " ind2=" " tag="919">
		<subfield code="9">650 _7</subfield>
		<subfield code="a">immigration</subfield>
		<subfield code="z">Valais (Suisse)</subfield>
		<subfield code="y">19e s. / 20e s.</subfield>
		<subfield code="v">[catalogue d'exposition]</subfield>
		<subfield code="2">chrero</subfield>
	</datafield>
	<datafield ind1=" " ind2=" " tag="956">
		<subfield code="a">frbcuc</subfield>
	</datafield>
	<datafield ind1=" " ind2=" " tag="957">
		<subfield code="a">gecaeg geulha geuses gevbaa geveth</subfield>
	</datafield>
	<datafield ind1=" " ind2=" " tag="962">
		<subfield code="a">neubfl neueth neulcd neusfm</subfield>
	</datafield>
	<datafield ind1=" " ind2=" " tag="973">
		<subfield code="a">vsarch vsbcce vsbcvb vsbcvm vsbcvs vsecav vsmuca</subfield>
	</datafield>
	<datafield ind1=" " ind2=" " tag="981">
		<subfield code="2">SETHN</subfield>
		<subfield code="a">ANE</subfield>
	</datafield>
	<datafield ind1=" " ind2=" " tag="982">
		<subfield code="2">dew-geuses</subfield>
		<subfield code="a">304.849479 VAL</subfield>
	</datafield>
	<datafield ind1=" " ind2=" " tag="982">
		<subfield code="2">ge-ulha</subfield>
		<subfield code="a">A***CH*val de</subfield>
	</datafield>
	<datafield ind1=" " ind2=" " tag="984">
		<subfield code="2">neu-sfm</subfield>
		<subfield code="a">Wallis</subfield>
	</datafield>
	<datafield ind1=" " ind2=" " tag="984">
		<subfield code="2">neu-sfm</subfield>
		<subfield code="a">Valais</subfield>
	</datafield>
	<datafield ind1=" " ind2=" " tag="984">
		<subfield code="2">neu-sfm</subfield>
		<subfield code="a">Switzerland</subfield>
	</datafield>
	<datafield ind1=" " ind2=" " tag="984">
		<subfield code="2">neu-sfm</subfield>
		<subfield code="a">Swiss</subfield>
	</datafield>
	<datafield ind1=" " ind2=" " tag="984">
		<subfield code="2">neu-sfm</subfield>
		<subfield code="a">History</subfield>
	</datafield>
	<datafield ind1=" " ind2=" " tag="984">
		<subfield code="2">neu-sfm</subfield>
		<subfield code="a">Exhibition</subfield>
	</datafield>
	<datafield ind1=" " ind2=" " tag="984">
		<subfield code="2">neu-sfm</subfield>
		<subfield code="a">Emigration</subfield>
	</datafield>
	<datafield ind1=" " ind2=" " tag="984">
		<subfield code="2">cdu-neubfl-ih</subfield>
		<subfield code="a">949.47VS</subfield>
	</datafield>
	<datafield ind1=" " ind2=" " tag="984">
		<subfield code="2">ne-ubfl-cd</subfield>
		<subfield code="a">CD: T-2-439</subfield>
	</datafield>
	<datafield ind1=" " ind2=" " tag="986">
		<subfield code="2">cdu-vsmuca</subfield>
		<subfield code="a">325</subfield>
	</datafield>
	<datafield ind1=" " ind2=" " tag="986">
		<subfield code="2">cdu-vsmart</subfield>
		<subfield code="a">314.15(494)</subfield>
	</datafield>
	<datafield ind1=" " ind2=" " tag="986">
		<subfield code="2">cdu-vsarch</subfield>
		<subfield code="a">314.15(494.44)</subfield>
	</datafield>
	<datafield ind1=" " ind2=" " tag="986">
		<subfield code="2">cdu-vsprat</subfield>
		<subfield code="a">314.15(494)</subfield>
	</datafield>
	<datafield ind1=" " ind2=" " tag="986">
		<subfield code="2">cdu-vsbcvm</subfield>
		<subfield code="a">314.15(494)</subfield>
	</datafield>
	<datafield ind1=" " ind2=" " tag="986">
		<subfield code="2">cdu-vsbcvb</subfield>
		<subfield code="a">314.151(494)</subfield>
	</datafield>
	<datafield ind1=" " ind2=" " tag="986">
		<subfield code="2">vs-ecav</subfield>
		<subfield code="a">P/H 152</subfield>
	</datafield>
	<datafield ind1=" " ind2=" " tag="986">
		<subfield code="2">bibvs</subfield>
		<subfield code="a">Valais - Emigration</subfield>
	</datafield>
	<datafield ind1=" " ind2=" " tag="986">
		<subfield code="2">bibvs</subfield>
		<subfield code="a">Wallis - Auswanderung</subfield>
	</datafield>
	<datafield ind1=" " ind2=" " tag="986">
		<subfield code="2">vs-bib-sys</subfield>
		<subfield code="a">1185-0536-000-000-000</subfield>
	</datafield>
	<datafield ind1=" " ind2=" " tag="992">
		<subfield code="a">AEG B 2440</subfield>
		<subfield code="x">ge/caeg/a/2001/329</subfield>
	</datafield>
	<datafield ind1=" " ind2=" " tag="992">
		<subfield code="a">SESA 28575</subfield>
		<subfield code="x">ge/uses/d/92/299</subfield>
	</datafield>
	<datafield ind1=" " ind2=" " tag="992">
		<subfield code="a">BFLB 10407</subfield>
		<subfield code="x">ge/ulha/d/91/48</subfield>
	</datafield>
	<datafield ind1=" " ind2=" " tag="992">
		<subfield code="a">GAZ VAL 1108/2</subfield>
		<subfield code="x">ge/veth/e/5/1992</subfield>
	</datafield>
	<datafield ind1=" " ind2=" " tag="992">
		<subfield code="a">BAA E 1991 SION</subfield>
		<subfield code="x">ge/vbaa/e/91</subfield>
	</datafield>
	<datafield ind1=" " ind2=" " tag="994">
		<subfield code="a">-</subfield>
		<subfield code="x">neusfm 4762</subfield>
	</datafield>
	<datafield ind1=" " ind2=" " tag="994">
		<subfield code="a">MAHA 94(494.44) VAL</subfield>
		<subfield code="x">--</subfield>
	</datafield>
	<datafield ind1=" " ind2=" " tag="994">
		<subfield code="a">NET EH 374/2</subfield>
		<subfield code="x">ne/ueie/d/centlivres</subfield>
	</datafield>
	<datafield ind1=" " ind2=" " tag="994">
		<subfield code="a">NELA 33015</subfield>
		<subfield code="x">ne/ubfl/a</subfield>
	</datafield>
	<datafield ind1=" " ind2=" " tag="996">
		<subfield code="a">-</subfield>
		<subfield code="x">vsmuca 283</subfield>
	</datafield>
	<datafield ind1=" " ind2=" " tag="996">
		<subfield code="x">vs/bcvb/a/11007</subfield>
	</datafield>
	<datafield ind1=" " ind2=" " tag="996">
		<subfield code="x">vs/bcvm/b/12501</subfield>
	</datafield>
</record>