

<record>
	<leader>01187nam a2200385 aa4500</leader>
	<controlfield tag="001">REROILS:2000042</controlfield>
	<controlfield tag="003">RERO</controlfield>
	<controlfield tag="005">20180827194100.0</controlfield>
	<controlfield tag="008">951030s1993    fr |||||| ||||00|| |fre d</controlfield>
	<datafield ind1=" " ind2=" " tag="019">
		<subfield code="a">Niveau supérieur !</subfield>
		<subfield code="9">rero/10.2004</subfield>
	</datafield>
	<datafield ind1=" " ind2=" " tag="035">
		<subfield code="a">2099841</subfield>
	</datafield>
	<datafield ind1=" " ind2="9" tag="039">
		<subfield code="a">201808271941</subfield>
		<subfield code="b">VLOAD</subfield>
		<subfield code="c">201706101225</subfield>
		<subfield code="d">VLOAD</subfield>
		<subfield code="c">200812221154</subfield>
		<subfield code="d">VLOAD</subfield>
		<subfield code="c">200812210824</subfield>
		<subfield code="d">VLOAD</subfield>
		<subfield code="y">1999030112210000</subfield>
		<subfield code="z">load</subfield>
	</datafield>
	<datafield ind1=" " ind2=" " tag="040">
		<subfield code="a">RERO geulcf</subfield>
	</datafield>
	<datafield ind1=" " ind2="7" tag="072">
		<subfield code="a">s1fr</subfield>
		<subfield code="2">rero</subfield>
	</datafield>
	<datafield ind1="1" ind2=" " tag="100">
		<subfield code="a">Steele, Ross</subfield>
		<subfield code="4">cre</subfield>
		<subfield code="0">(IDREF)02714769X</subfield>
	</datafield>
	<datafield ind1="1" ind2="0" tag="245">
		<subfield code="a">Révisions 3 :</subfield>
		<subfield code="b">350 exercices niveau avancé /</subfield>
		<subfield code="c">Ross Steele, Jane Zemiro</subfield>
	</datafield>
	<datafield ind1=" " ind2="1" tag="264">
		<subfield code="a">Vanves :</subfield>
		<subfield code="b">Hachette F.L.E</subfield>
	</datafield>
	<datafield ind1=" " ind2=" " tag="300">
		<subfield code="a">2 vol. ;</subfield>
		<subfield code="c">25 cm</subfield>
	</datafield>
	<datafield ind1=" " ind2=" " tag="336">
		<subfield code="b">txt</subfield>
		<subfield code="2">rdacontent</subfield>
	</datafield>
	<datafield ind1=" " ind2=" " tag="337">
		<subfield code="b">n</subfield>
		<subfield code="2">rdamedia</subfield>
	</datafield>
	<datafield ind1=" " ind2=" " tag="338">
		<subfield code="b">nc</subfield>
		<subfield code="2">rdacarrier</subfield>
	</datafield>
	<datafield ind1=" " ind2=" " tag="339">
		<subfield code="a">docmaintype_book</subfield>
		<subfield code="b">docsubtype_other_book</subfield>
	</datafield>
	<datafield ind1="1" ind2=" " tag="490">
		<subfield code="a">Exerçons-nous</subfield>
	</datafield>
	<datafield ind1=" " ind2="7" tag="650">
		<subfield code="a">Français (langue)</subfield>
		<subfield code="2">rero</subfield>
	</datafield>
	<datafield ind1=" " ind2="7" tag="650">
		<subfield code="a">Grammaire</subfield>
		<subfield code="2">rero</subfield>
	</datafield>
	<datafield ind1=" " ind2="7" tag="655">
		<subfield code="a">[Problèmes et exercices]</subfield>
		<subfield code="2">rero</subfield>
	</datafield>
	<datafield ind1="1" ind2=" " tag="700">
		<subfield code="a">Zemiro, Jane</subfield>
		<subfield code="0">(IDREF)056965737</subfield>
	</datafield>
	<datafield ind1=" " ind2="0" tag="830">
		<subfield code="a">Exerçons-nous</subfield>
		<subfield code="w">REROILS:2000092</subfield>
	</datafield>
	<datafield ind1=" " ind2=" " tag="900">
		<subfield code="a">noselfmerge</subfield>
	</datafield>
	<datafield ind1=" " ind2=" " tag="919">
		<subfield code="9">650 _7</subfield>
		<subfield code="a">français (langue)</subfield>
		<subfield code="x">grammaire</subfield>
		<subfield code="v">[exercices]</subfield>
		<subfield code="2">chrero</subfield>
	</datafield>
	<datafield ind1=" " ind2=" " tag="956">
		<subfield code="a">frbcuc</subfield>
	</datafield>
	<datafield ind1=" " ind2=" " tag="957">
		<subfield code="a">geueti geulcf</subfield>
	</datafield>
	<datafield ind1=" " ind2=" " tag="981">
		<subfield code="2">FLE</subfield>
		<subfield code="a">AB</subfield>
	</datafield>
	<datafield ind1=" " ind2=" " tag="982">
		<subfield code="2">dew-geulcf</subfield>
		<subfield code="a">371.321 STE/3</subfield>
	</datafield>
	<datafield ind1=" " ind2=" " tag="992">
		<subfield code="a">ELCFA 873</subfield>
		<subfield code="x">ge/ulcf/a/</subfield>
	</datafield>
</record>