

<record>
	<leader>00660nas a22002297a 4500</leader>
	<controlfield tag="001">REROILS:2000084</controlfield>
	<controlfield tag="003">RERO</controlfield>
	<controlfield tag="005">20170518093000.0</controlfield>
	<controlfield tag="008">980402u        xx |||m|| ||||0 || 0ita d</controlfield>
	<datafield ind1=" " ind2=" " tag="035">
		<subfield code="a">R228352560</subfield>
	</datafield>
	<datafield ind1=" " ind2=" " tag="039">
		<subfield code="b">0107</subfield>
	</datafield>
	<datafield ind1=" " ind2="9" tag="039">
		<subfield code="a">201705180930</subfield>
		<subfield code="b">VLOAD</subfield>
		<subfield code="c">200605280404</subfield>
		<subfield code="d">VLOAD</subfield>
		<subfield code="y">1999030121420000</subfield>
		<subfield code="z">load0001</subfield>
	</datafield>
	<datafield ind1=" " ind2=" " tag="040">
		<subfield code="a">RERO frbcuc</subfield>
	</datafield>
	<datafield ind1="0" ind2="0" tag="245">
		<subfield code="a">Pubblicazioni del Centro di diritto penale europeo</subfield>
	</datafield>
	<datafield ind1=" " ind2="1" tag="264">
		<subfield code="a">Milano :</subfield>
		<subfield code="b">A. Giuffrè</subfield>
	</datafield>
	<datafield ind1=" " ind2=" " tag="336">
		<subfield code="b">txt</subfield>
		<subfield code="2">rdacontent</subfield>
	</datafield>
	<datafield ind1=" " ind2=" " tag="337">
		<subfield code="b">n</subfield>
		<subfield code="2">rdamedia</subfield>
	</datafield>
	<datafield ind1=" " ind2=" " tag="338">
		<subfield code="b">nc</subfield>
		<subfield code="2">rdacarrier</subfield>
	</datafield>
	<datafield ind1=" " ind2=" " tag="339">
		<subfield code="a">docmaintype_series</subfield>
	</datafield>
	<datafield ind1="2" ind2=" " tag="710">
		<subfield code="a">Università di Catania.</subfield>
		<subfield code="b">Centro di diritto penale europeo</subfield>
		<subfield code="0">(IDREF)174182155</subfield>
	</datafield>
	<datafield ind1=" " ind2=" " tag="900">
		<subfield code="a">noselfmerge</subfield>
	</datafield>
	<datafield ind1=" " ind2=" " tag="900">
		<subfield code="a">reroslsp</subfield>
	</datafield>
</record>