

<record>
	<leader>00881nas a22003017a 4500</leader>
	<controlfield tag="001">REROILS:2000026</controlfield>
	<controlfield tag="003">RERO</controlfield>
	<controlfield tag="005">20190705130100.0</controlfield>
	<controlfield tag="008">860226u19739999fr |||p|| ||||0 || 0und d</controlfield>
	<datafield ind1=" " ind2=" " tag="022">
		<subfield code="a">0303-1179</subfield>
	</datafield>
	<datafield ind1=" " ind2=" " tag="035">
		<subfield code="a">0686391</subfield>
	</datafield>
	<datafield ind1=" " ind2=" " tag="039">
		<subfield code="b">7130</subfield>
	</datafield>
	<datafield ind1=" " ind2="9" tag="039">
		<subfield code="a">201907051301</subfield>
		<subfield code="b">VLOAD</subfield>
		<subfield code="c">201707041004</subfield>
		<subfield code="d">4707</subfield>
		<subfield code="c">201705161252</subfield>
		<subfield code="d">VLOAD</subfield>
		<subfield code="c">201405061410</subfield>
		<subfield code="d">0142</subfield>
		<subfield code="y">1999022802000000</subfield>
		<subfield code="z">load</subfield>
	</datafield>
	<datafield ind1=" " ind2=" " tag="040">
		<subfield code="a">RERO geussm</subfield>
	</datafield>
	<datafield ind1=" " ind2="7" tag="072">
		<subfield code="a">s1ma</subfield>
		<subfield code="2">rero</subfield>
	</datafield>
	<datafield ind1="0" ind2="0" tag="245">
		<subfield code="a">Astérisque</subfield>
	</datafield>
	<datafield ind1=" " ind2="1" tag="264">
		<subfield code="a">Paris :</subfield>
		<subfield code="b">Société mathématique de France</subfield>
	</datafield>
	<datafield ind1=" " ind2=" " tag="310">
		<subfield code="a">Mensuel</subfield>
	</datafield>
	<datafield ind1=" " ind2=" " tag="336">
		<subfield code="b">txt</subfield>
		<subfield code="2">rdacontent</subfield>
	</datafield>
	<datafield ind1=" " ind2=" " tag="337">
		<subfield code="b">n</subfield>
		<subfield code="2">rdamedia</subfield>
	</datafield>
	<datafield ind1=" " ind2=" " tag="338">
		<subfield code="b">nc</subfield>
		<subfield code="2">rdacarrier</subfield>
	</datafield>
	<datafield ind1=" " ind2=" " tag="339">
		<subfield code="a">docmaintype_serial</subfield>
	</datafield>
	<datafield ind1="0" ind2=" " tag="362">
		<subfield code="a">No 1(1973)-</subfield>
	</datafield>
	<datafield ind1="2" ind2=" " tag="710">
		<subfield code="a">Société mathématique de France</subfield>
		<subfield code="0">(IDREF)026424304</subfield>
	</datafield>
	<datafield ind1=" " ind2=" " tag="900">
		<subfield code="a">noselfmerge</subfield>
	</datafield>
	<datafield ind1=" " ind2=" " tag="956">
		<subfield code="a">frbcuc</subfield>
	</datafield>
	<datafield ind1=" " ind2=" " tag="962">
		<subfield code="a">neusma</subfield>
	</datafield>
</record>