

<record>
	<leader>00770nas a22002417a 4500</leader>
	<controlfield tag="001">REROILS:2000069</controlfield>
	<controlfield tag="003">RERO</controlfield>
	<controlfield tag="005">20170518101800.0</controlfield>
	<controlfield tag="008">000912         sp |||m|  ||||0 |  0spa d</controlfield>
	<datafield ind1=" " ind2=" " tag="035">
		<subfield code="a">R266373860</subfield>
	</datafield>
	<datafield ind1=" " ind2=" " tag="039">
		<subfield code="b">8046</subfield>
	</datafield>
	<datafield ind1=" " ind2="9" tag="039">
		<subfield code="a">201705181018</subfield>
		<subfield code="b">VLOAD</subfield>
		<subfield code="c">200711201706</subfield>
		<subfield code="d">0024</subfield>
		<subfield code="c">200605290136</subfield>
		<subfield code="d">VLOAD</subfield>
		<subfield code="y">200009121529</subfield>
		<subfield code="z">VLOAD</subfield>
	</datafield>
	<datafield ind1=" " ind2=" " tag="040">
		<subfield code="a">RERO labcud</subfield>
	</datafield>
	<datafield ind1="0" ind2=" " tag="130">
		<subfield code="a">Historia.</subfield>
		<subfield code="p">Marcial Pons</subfield>
	</datafield>
	<datafield ind1="1" ind2="0" tag="245">
		<subfield code="a">Historia</subfield>
	</datafield>
	<datafield ind1=" " ind2="1" tag="264">
		<subfield code="a">Madrid [etc.] :</subfield>
		<subfield code="b">Marcial Pons</subfield>
	</datafield>
	<datafield ind1=" " ind2=" " tag="336">
		<subfield code="b">txt</subfield>
		<subfield code="2">rdacontent</subfield>
	</datafield>
	<datafield ind1=" " ind2=" " tag="337">
		<subfield code="b">n</subfield>
		<subfield code="2">rdamedia</subfield>
	</datafield>
	<datafield ind1=" " ind2=" " tag="338">
		<subfield code="b">nc</subfield>
		<subfield code="2">rdacarrier</subfield>
	</datafield>
	<datafield ind1=" " ind2=" " tag="339">
		<subfield code="a">docmaintype_series</subfield>
	</datafield>
	<datafield ind1=" " ind2=" " tag="500">
		<subfield code="a">Dans cette collection, les sections telles que &quot;Estudios&quot;, &quot;Biblioteca clásica&quot;, &quot;Memorias y biografías&quot; ne sont pas cataloguées séparément</subfield>
	</datafield>
	<datafield ind1=" " ind2=" " tag="900">
		<subfield code="a">swissbibnomerge</subfield>
	</datafield>
	<datafield ind1=" " ind2=" " tag="900">
		<subfield code="a">reroslsp</subfield>
	</datafield>
</record>