

<record>
	<leader>01066nas a2200301 a 4500</leader>
	<controlfield tag="001">REROILS:2000056</controlfield>
	<controlfield tag="003">RERO</controlfield>
	<controlfield tag="005">20170517181400.0</controlfield>
	<controlfield tag="008">950508d18681939xxk|||p|| ||||0 || 0eng d</controlfield>
	<datafield ind1=" " ind2=" " tag="035">
		<subfield code="a">2017682</subfield>
	</datafield>
	<datafield ind1=" " ind2="9" tag="039">
		<subfield code="a">201705171814</subfield>
		<subfield code="b">VLOAD</subfield>
		<subfield code="c">200812220325</subfield>
		<subfield code="d">VLOAD</subfield>
		<subfield code="c">200709181819</subfield>
		<subfield code="d">VLOAD</subfield>
		<subfield code="c">200605291655</subfield>
		<subfield code="d">VLOAD</subfield>
		<subfield code="y">1999030109450000</subfield>
		<subfield code="z">load</subfield>
	</datafield>
	<datafield ind1=" " ind2=" " tag="040">
		<subfield code="a">RERO geudbu</subfield>
	</datafield>
	<datafield ind1=" " ind2="7" tag="072">
		<subfield code="a">s1me</subfield>
		<subfield code="2">rero</subfield>
	</datafield>
	<datafield ind1="0" ind2="4" tag="245">
		<subfield code="a">The transactions of the Edinburgh Obstetrical Society</subfield>
	</datafield>
	<datafield ind1=" " ind2="1" tag="264">
		<subfield code="a">Edinburgh :</subfield>
		<subfield code="b">Oliver and Boyd ;</subfield>
		<subfield code="a">London :</subfield>
		<subfield code="b">Simpkin Marshall</subfield>
	</datafield>
	<datafield ind1=" " ind2=" " tag="300">
		<subfield code="c">21 cm</subfield>
	</datafield>
	<datafield ind1=" " ind2=" " tag="336">
		<subfield code="b">txt</subfield>
		<subfield code="2">rdacontent</subfield>
	</datafield>
	<datafield ind1=" " ind2=" " tag="337">
		<subfield code="b">n</subfield>
		<subfield code="2">rdamedia</subfield>
	</datafield>
	<datafield ind1=" " ind2=" " tag="338">
		<subfield code="b">nc</subfield>
		<subfield code="2">rdacarrier</subfield>
	</datafield>
	<datafield ind1=" " ind2=" " tag="339">
		<subfield code="a">docmaintype_serial</subfield>
	</datafield>
	<datafield ind1="0" ind2=" " tag="362">
		<subfield code="a">Vol. 1(1868/69) - vol. 40(1919/20) ; vol. 41(1920/21) - vol. 59(1938/39) = Session 80(1920/21) - session 97(1937/38)</subfield>
	</datafield>
	<datafield ind1=" " ind2=" " tag="500">
		<subfield code="a">Aucune parution entre 1914 et 1919</subfield>
	</datafield>
	<datafield ind1=" " ind2=" " tag="580">
		<subfield code="a">Publié depuis 1921 avec: Edinburgh medical journal</subfield>
	</datafield>
	<datafield ind1="2" ind2=" " tag="710">
		<subfield code="a">Edinburgh Obstetrical Society</subfield>
	</datafield>
	<datafield ind1="1" ind2=" " tag="770">
		<subfield code="t">Edinburgh medical journal</subfield>
		<subfield code="w">REROILS:9</subfield>
	</datafield>
	<datafield ind1=" " ind2=" " tag="900">
		<subfield code="a">noselfmerge</subfield>
	</datafield>
	<datafield ind1=" " ind2=" " tag="957">
		<subfield code="a">gevbge</subfield>
	</datafield>
	<datafield ind1=" " ind2=" " tag="992">
		<subfield code="a">BGE NA 167*</subfield>
		<subfield code="x">ge/vbge/w</subfield>
	</datafield>
</record>