

<record>
	<leader>01492ccs a22003017a 4500</leader>
	<controlfield tag="001">REROILS:2000000</controlfield>
	<controlfield tag="003">RERO</controlfield>
	<controlfield tag="005">20190214095500.0</controlfield>
	<controlfield tag="008">850320u        xx |||m|| ||||  |  |und d</controlfield>
	<datafield ind1=" " ind2=" " tag="019">
		<subfield code="a">!!! ATTENTION : A partir du 16.01.2002, ne plus chaîner à cette collection les partitions portant la mention &quot;Edition Eulenburg&quot; + no (abrégée EE) !!!, mais saisir uniquement en 028 32: EE + le no</subfield>
		<subfield code="9">rero/01.2002/9300</subfield>
	</datafield>
	<datafield ind1=" " ind2=" " tag="035">
		<subfield code="a">0597278</subfield>
	</datafield>
	<datafield ind1=" " ind2="9" tag="039">
		<subfield code="a">201902140955</subfield>
		<subfield code="b">AUTHORITY</subfield>
		<subfield code="c">201705161004</subfield>
		<subfield code="d">VLOAD</subfield>
		<subfield code="c">201301100913</subfield>
		<subfield code="d">8200</subfield>
		<subfield code="c">200812210620</subfield>
		<subfield code="d">VLOAD</subfield>
		<subfield code="y">1999022723490000</subfield>
		<subfield code="z">load</subfield>
	</datafield>
	<datafield ind1=" " ind2=" " tag="040">
		<subfield code="a">RERO labcur</subfield>
	</datafield>
	<datafield ind1="0" ind2="0" tag="245">
		<subfield code="a">Eulenburg's Kleine Orchester-Partitur-Ausgabe</subfield>
	</datafield>
	<datafield ind1="3" ind2=" " tag="246">
		<subfield code="a">Eulenburgs Kleine Partitur-Ausgabe</subfield>
	</datafield>
	<datafield ind1="3" ind2=" " tag="246">
		<subfield code="a">Eulenburg miniature scores</subfield>
	</datafield>
	<datafield ind1="3" ind2=" " tag="246">
		<subfield code="a">Payne's Kleine Partitur-Ausgabe</subfield>
	</datafield>
	<datafield ind1="3" ind2=" " tag="246">
		<subfield code="a">Edition Eulenburg</subfield>
	</datafield>
	<datafield ind1=" " ind2="1" tag="264">
		<subfield code="a">Leipzig :</subfield>
		<subfield code="b">E. Eulenburg</subfield>
	</datafield>
	<datafield ind1=" " ind2=" " tag="300">
		<subfield code="c">19 cm</subfield>
	</datafield>
	<datafield ind1=" " ind2=" " tag="339">
		<subfield code="a">docmaintype_score</subfield>
		<subfield code="b">docsubtype_printed_score</subfield>
	</datafield>
	<datafield ind1=" " ind2=" " tag="500">
		<subfield code="a">Du no 1 au no 400, les sous-collections (Kammermusik, Symphonien, etc.) sont numérotées séparément</subfield>
	</datafield>
	<datafield ind1=" " ind2=" " tag="500">
		<subfield code="a">A partir du no 401, les éventuelles sous-collections ne sont plus numérotées séparément</subfield>
	</datafield>
	<datafield ind1=" " ind2=" " tag="500">
		<subfield code="a">Porte aussi les titres suivants : &quot;Eulenburgs kleine Partitur-Ausgabe&quot; ; &quot;Edition Eulenburg&quot; ; &quot;Payne's kleine Partitur-Ausgabe&quot; ; &quot;Eulenburg miniature scores&quot;</subfield>
	</datafield>
	<datafield ind1=" " ind2=" " tag="900">
		<subfield code="a">noselfmerge</subfield>
	</datafield>
	<datafield ind1=" " ind2=" " tag="956">
		<subfield code="a">frbcuc</subfield>
	</datafield>
	<datafield ind1=" " ind2=" " tag="981">
		<subfield code="2">SM</subfield>
		<subfield code="a">OC</subfield>
	</datafield>
</record>