

<record>
	<leader>01217nam a2200361 aa4500</leader>
	<controlfield tag="001">REROILS:2000073</controlfield>
	<controlfield tag="003">RERO</controlfield>
	<controlfield tag="005">20191208185200.0</controlfield>
	<controlfield tag="008">900529m19301936gw |||||| ||||00|| |ger d</controlfield>
	<datafield ind1=" " ind2=" " tag="019">
		<subfield code="a">Niveau supérieur !</subfield>
		<subfield code="9">rero/10.2004</subfield>
	</datafield>
	<datafield ind1=" " ind2=" " tag="035">
		<subfield code="a">1248474</subfield>
	</datafield>
	<datafield ind1=" " ind2="9" tag="039">
		<subfield code="a">201912081852</subfield>
		<subfield code="b">VLOAD</subfield>
		<subfield code="c">201906030921</subfield>
		<subfield code="d">VLOAD</subfield>
		<subfield code="c">201705170834</subfield>
		<subfield code="d">VLOAD</subfield>
		<subfield code="c">201704011731</subfield>
		<subfield code="d">VLOAD</subfield>
		<subfield code="y">1999022815090000</subfield>
		<subfield code="z">load</subfield>
	</datafield>
	<datafield ind1=" " ind2=" " tag="040">
		<subfield code="a">RERO lausst</subfield>
	</datafield>
	<datafield ind1=" " ind2="7" tag="072">
		<subfield code="a">s1st</subfield>
		<subfield code="2">rero</subfield>
	</datafield>
	<datafield ind1="0" ind2="4" tag="245">
		<subfield code="a">Das ausseralpine Westeuropa</subfield>
	</datafield>
	<datafield ind1=" " ind2="1" tag="264">
		<subfield code="a">Berlin :</subfield>
		<subfield code="b">Bornträger,</subfield>
		<subfield code="c">1930-1936</subfield>
	</datafield>
	<datafield ind1=" " ind2=" " tag="300">
		<subfield code="a">3 vol. (1603 p.) :</subfield>
		<subfield code="b">ill. ;</subfield>
		<subfield code="c">26 cm</subfield>
	</datafield>
	<datafield ind1=" " ind2=" " tag="336">
		<subfield code="b">txt</subfield>
		<subfield code="2">rdacontent</subfield>
	</datafield>
	<datafield ind1=" " ind2=" " tag="337">
		<subfield code="b">n</subfield>
		<subfield code="2">rdamedia</subfield>
	</datafield>
	<datafield ind1=" " ind2=" " tag="338">
		<subfield code="b">nc</subfield>
		<subfield code="2">rdacarrier</subfield>
	</datafield>
	<datafield ind1=" " ind2=" " tag="339">
		<subfield code="a">docmaintype_book</subfield>
		<subfield code="b">docsubtype_other_book</subfield>
	</datafield>
	<datafield ind1="1" ind2=" " tag="490">
		<subfield code="a">Geologie von Europa / von Serge von Bubnoff</subfield>
		<subfield code="v">Bd. 2</subfield>
	</datafield>
	<datafield ind1="1" ind2=" " tag="800">
		<subfield code="a">Bubnoff, Serge von. -</subfield>
		<subfield code="t">Geologie von Europa</subfield>
		<subfield code="v">2</subfield>
		<subfield code="w">REROILS:2000100</subfield>
	</datafield>
	<datafield ind1=" " ind2=" " tag="900">
		<subfield code="a">noselfmerge</subfield>
	</datafield>
	<datafield ind1=" " ind2=" " tag="956">
		<subfield code="a">frbcuc</subfield>
	</datafield>
	<datafield ind1=" " ind2=" " tag="957">
		<subfield code="a">geusst gevbge gevmhn</subfield>
	</datafield>
	<datafield ind1=" " ind2=" " tag="962">
		<subfield code="a">neusge</subfield>
	</datafield>
	<datafield ind1=" " ind2=" " tag="981">
		<subfield code="2">LC</subfield>
		<subfield code="a">QE26.EU</subfield>
	</datafield>
	<datafield ind1=" " ind2=" " tag="982">
		<subfield code="2">cdu-geusst</subfield>
		<subfield code="a">55(4)</subfield>
	</datafield>
	<datafield ind1=" " ind2=" " tag="982">
		<subfield code="2">cdu-geussc</subfield>
		<subfield code="a">55(4) BUB 2</subfield>
	</datafield>
	<datafield ind1=" " ind2=" " tag="992">
		<subfield code="a">SST 4285/2</subfield>
		<subfield code="x">ge/usst/a</subfield>
	</datafield>
	<datafield ind1=" " ind2=" " tag="992">
		<subfield code="a">BGE ZV 397/2</subfield>
		<subfield code="x">ge/vbge/x</subfield>
	</datafield>
</record>