

<record>
	<leader>01290cas a2200361 a 4500</leader>
	<controlfield tag="001">REROILS:2000048</controlfield>
	<controlfield tag="003">RERO</controlfield>
	<controlfield tag="005">20190705123300.0</controlfield>
	<controlfield tag="008">961003c19659999gw |||m|| ||||0 || 0ger d</controlfield>
	<datafield ind1=" " ind2=" " tag="022">
		<subfield code="a">0473-7989</subfield>
	</datafield>
	<datafield ind1=" " ind2=" " tag="035">
		<subfield code="a">0296216</subfield>
	</datafield>
	<datafield ind1=" " ind2="9" tag="039">
		<subfield code="a">201907051233</subfield>
		<subfield code="b">VLOAD</subfield>
		<subfield code="c">201706101744</subfield>
		<subfield code="d">VLOAD</subfield>
		<subfield code="c">201210161745</subfield>
		<subfield code="d">7650</subfield>
		<subfield code="c">201110311525</subfield>
		<subfield code="d">7669</subfield>
		<subfield code="y">1999022717060000</subfield>
		<subfield code="z">load</subfield>
	</datafield>
	<datafield ind1=" " ind2=" " tag="040">
		<subfield code="a">RERO</subfield>
	</datafield>
	<datafield ind1=" " ind2="7" tag="072">
		<subfield code="a">s1th</subfield>
		<subfield code="2">rero</subfield>
	</datafield>
	<datafield ind1="0" ind2="0" tag="245">
		<subfield code="a">Beiheft zur Ökumenischen Rundschau</subfield>
	</datafield>
	<datafield ind1="3" ind2=" " tag="246">
		<subfield code="a">Beihefte zur Ökumenischen Rundschau</subfield>
	</datafield>
	<datafield ind1=" " ind2="1" tag="264">
		<subfield code="a">Frankfurt am Main :</subfield>
		<subfield code="b">O. Lembeck</subfield>
	</datafield>
	<datafield ind1=" " ind2=" " tag="300">
		<subfield code="c">21 cm</subfield>
	</datafield>
	<datafield ind1=" " ind2=" " tag="336">
		<subfield code="b">txt</subfield>
		<subfield code="2">rdacontent</subfield>
	</datafield>
	<datafield ind1=" " ind2=" " tag="337">
		<subfield code="b">n</subfield>
		<subfield code="2">rdamedia</subfield>
	</datafield>
	<datafield ind1=" " ind2=" " tag="338">
		<subfield code="b">nc</subfield>
		<subfield code="2">rdacarrier</subfield>
	</datafield>
	<datafield ind1=" " ind2=" " tag="339">
		<subfield code="a">docmaintype_series</subfield>
	</datafield>
	<datafield ind1="0" ind2=" " tag="362">
		<subfield code="a">1(1965)-</subfield>
	</datafield>
	<datafield ind1=" " ind2=" " tag="580">
		<subfield code="a">Suppl. de: Ökumenische Rundschau. Contient les vol. 9 à 19 de: Studienheft / hrsg. vom Kirchlichen Aussenamt der Evangelischen Kirche in Deutschland</subfield>
	</datafield>
	<datafield ind1=" " ind2="7" tag="650">
		<subfield code="a">Oecuménisme</subfield>
		<subfield code="2">rero</subfield>
	</datafield>
	<datafield ind1="1" ind2=" " tag="772">
		<subfield code="t">Ökumenische Rundschau</subfield>
		<subfield code="w">REROILS:96</subfield>
	</datafield>
	<datafield ind1="1" ind2=" " tag="777">
		<subfield code="t">Studienheft / Kirchliches Aussenamt der Evangelischen Kirche in Deutschland</subfield>
		<subfield code="w">REROILS:2000101</subfield>
	</datafield>
	<datafield ind1=" " ind2=" " tag="900">
		<subfield code="a">noselfmerge</subfield>
	</datafield>
	<datafield ind1=" " ind2=" " tag="919">
		<subfield code="9">650 _7</subfield>
		<subfield code="a">oecuménisme</subfield>
		<subfield code="2">chrero</subfield>
	</datafield>
	<datafield ind1=" " ind2=" " tag="956">
		<subfield code="a">frbcuc</subfield>
	</datafield>
	<datafield ind1=" " ind2=" " tag="957">
		<subfield code="a">gewcc-</subfield>
	</datafield>
	<datafield ind1=" " ind2=" " tag="981">
		<subfield code="2">ISO</subfield>
		<subfield code="a">I</subfield>
	</datafield>
</record>