

<record>
	<leader>00934nam a2200313 aa4500</leader>
	<controlfield tag="001">REROILS:2000068</controlfield>
	<controlfield tag="003">RERO</controlfield>
	<controlfield tag="005">20180508132700.0</controlfield>
	<controlfield tag="008">110415m20069999fr ||| |  ||||00|  |fre d</controlfield>
	<datafield ind1=" " ind2=" " tag="019">
		<subfield code="a">Niveau supérieur !</subfield>
		<subfield code="9">jubmdj/04.2011</subfield>
	</datafield>
	<datafield ind1=" " ind2=" " tag="019">
		<subfield code="a">Y compris les rééditions !!</subfield>
		<subfield code="9">vdecha/02.2012</subfield>
	</datafield>
	<datafield ind1=" " ind2=" " tag="035">
		<subfield code="a">R005994078</subfield>
	</datafield>
	<datafield ind1=" " ind2="9" tag="039">
		<subfield code="a">201805081327</subfield>
		<subfield code="b">1058</subfield>
		<subfield code="c">201705301424</subfield>
		<subfield code="d">VLOAD</subfield>
		<subfield code="c">201509301607</subfield>
		<subfield code="d">1508</subfield>
		<subfield code="c">201509291353</subfield>
		<subfield code="d">1063</subfield>
		<subfield code="y">201104151035</subfield>
		<subfield code="z">4973</subfield>
	</datafield>
	<datafield ind1=" " ind2=" " tag="040">
		<subfield code="a">RERO jubmdj</subfield>
	</datafield>
	<datafield ind1="1" ind2=" " tag="041">
		<subfield code="a">fre</subfield>
		<subfield code="h">eng</subfield>
	</datafield>
	<datafield ind1=" " ind2="7" tag="072">
		<subfield code="a">s1an</subfield>
		<subfield code="2">rero</subfield>
	</datafield>
	<datafield ind1="1" ind2=" " tag="100">
		<subfield code="a">Nix, Garth</subfield>
		<subfield code="4">cre</subfield>
		<subfield code="0">(IDREF)080514294</subfield>
	</datafield>
	<datafield ind1="1" ind2="4" tag="245">
		<subfield code="a">Les sept clefs du pouvoir /</subfield>
		<subfield code="c">Garth Nix</subfield>
	</datafield>
	<datafield ind1=" " ind2="1" tag="264">
		<subfield code="a">[Paris] :</subfield>
		<subfield code="b">Gallimard jeunesse,</subfield>
		<subfield code="c">2006-</subfield>
	</datafield>
	<datafield ind1=" " ind2=" " tag="300">
		<subfield code="a">7 vol.</subfield>
	</datafield>
	<datafield ind1=" " ind2=" " tag="336">
		<subfield code="b">txt</subfield>
		<subfield code="2">rdacontent</subfield>
	</datafield>
	<datafield ind1=" " ind2=" " tag="337">
		<subfield code="b">n</subfield>
		<subfield code="2">rdamedia</subfield>
	</datafield>
	<datafield ind1=" " ind2=" " tag="338">
		<subfield code="b">nc</subfield>
		<subfield code="2">rdacarrier</subfield>
	</datafield>
	<datafield ind1=" " ind2=" " tag="339">
		<subfield code="a">docmaintype_book</subfield>
		<subfield code="b">docsubtype_other_book</subfield>
	</datafield>
	<datafield ind1=" " ind2=" " tag="500">
		<subfield code="a">Traduit de: Keys to the Kingdom</subfield>
	</datafield>
	<datafield ind1=" " ind2=" " tag="900">
		<subfield code="a">noselfmerge</subfield>
	</datafield>
	<datafield ind1=" " ind2=" " tag="960">
		<subfield code="a">jubmdj</subfield>
	</datafield>
	<datafield ind1=" " ind2=" " tag="973">
		<subfield code="a">vsbcce</subfield>
	</datafield>
	<datafield ind1=" " ind2=" " tag="986">
		<subfield code="2">cdu-vsmart</subfield>
		<subfield code="a">F NIX</subfield>
	</datafield>
</record>