

<record>
	<leader>01661nas a22004097a 4500</leader>
	<controlfield tag="001">REROILS:2000062</controlfield>
	<controlfield tag="003">RERO</controlfield>
	<controlfield tag="005">20170515150400.0</controlfield>
	<controlfield tag="008">960525         xx |||m|| ||||0 || 0und d</controlfield>
	<datafield ind1=" " ind2=" " tag="035">
		<subfield code="a">0042659</subfield>
	</datafield>
	<datafield ind1=" " ind2="9" tag="039">
		<subfield code="a">201705151504</subfield>
		<subfield code="b">VLOAD</subfield>
		<subfield code="c">200605271255</subfield>
		<subfield code="d">VLOAD</subfield>
		<subfield code="c">200401231105</subfield>
		<subfield code="d">0112</subfield>
		<subfield code="c">200206071210</subfield>
		<subfield code="d">0024</subfield>
		<subfield code="y">1999022710560000</subfield>
		<subfield code="z">load</subfield>
	</datafield>
	<datafield ind1=" " ind2=" " tag="040">
		<subfield code="a">RERO frbcuc</subfield>
	</datafield>
	<datafield ind1="0" ind2="0" tag="245">
		<subfield code="a">Documents / Centre national de recherches de psychotechnique scolaire</subfield>
	</datafield>
	<datafield ind1="3" ind2=" " tag="246">
		<subfield code="a">Document / Centre national de recherches de psychotechnique scolaire</subfield>
	</datafield>
	<datafield ind1="3" ind2=" " tag="246">
		<subfield code="a">Documents du Centre national de recherches de psychotechnique scolaire</subfield>
	</datafield>
	<datafield ind1="3" ind2=" " tag="246">
		<subfield code="a">Document du Centre national de recherches de psychotechnique scolaire</subfield>
	</datafield>
	<datafield ind1="3" ind2=" " tag="246">
		<subfield code="a">Travaux du Centre national de recherches de psychotechnique scolaire</subfield>
	</datafield>
	<datafield ind1="3" ind2=" " tag="246">
		<subfield code="a">Travaux du C.N.R.P.S</subfield>
	</datafield>
	<datafield ind1="3" ind2=" " tag="246">
		<subfield code="a">Travaux du CNRPS</subfield>
	</datafield>
	<datafield ind1="3" ind2=" " tag="246">
		<subfield code="a">Documents du C.N.R.P.S</subfield>
	</datafield>
	<datafield ind1="3" ind2=" " tag="246">
		<subfield code="a">Documents du CNRPS</subfield>
	</datafield>
	<datafield ind1="3" ind2=" " tag="246">
		<subfield code="a">Documents / C.N.R.P.S</subfield>
	</datafield>
	<datafield ind1="3" ind2=" " tag="246">
		<subfield code="a">Documents / CNRPS</subfield>
	</datafield>
	<datafield ind1="3" ind2=" " tag="246">
		<subfield code="a">Document du C.N.R.P.S</subfield>
	</datafield>
	<datafield ind1="3" ind2=" " tag="246">
		<subfield code="a">Document du CNRPS</subfield>
	</datafield>
	<datafield ind1="3" ind2=" " tag="246">
		<subfield code="a">Document / C.N.R.P.S</subfield>
	</datafield>
	<datafield ind1="3" ind2=" " tag="246">
		<subfield code="a">Document / CNRPS</subfield>
	</datafield>
	<datafield ind1=" " ind2="1" tag="264">
		<subfield code="a">Liège :</subfield>
		<subfield code="b">H. Dessain ;</subfield>
		<subfield code="a">Bruxelles :</subfield>
		<subfield code="b">F. Clerebaut [etc.]</subfield>
	</datafield>
	<datafield ind1=" " ind2=" " tag="336">
		<subfield code="b">txt</subfield>
		<subfield code="2">rdacontent</subfield>
	</datafield>
	<datafield ind1=" " ind2=" " tag="337">
		<subfield code="b">n</subfield>
		<subfield code="2">rdamedia</subfield>
	</datafield>
	<datafield ind1=" " ind2=" " tag="338">
		<subfield code="b">nc</subfield>
		<subfield code="2">rdacarrier</subfield>
	</datafield>
	<datafield ind1=" " ind2=" " tag="339">
		<subfield code="a">docmaintype_series</subfield>
	</datafield>
	<datafield ind1=" " ind2=" " tag="500">
		<subfield code="a">Le titre se présente souvent sous des formes différentes</subfield>
	</datafield>
	<datafield ind1="2" ind2=" " tag="710">
		<subfield code="a">Centre national de recherches de psychotechnique scolaire (Belgique)</subfield>
	</datafield>
	<datafield ind1=" " ind2=" " tag="900">
		<subfield code="a">noselfmerge</subfield>
	</datafield>
	<datafield ind1=" " ind2=" " tag="900">
		<subfield code="a">reroslsp</subfield>
	</datafield>
</record>