

<record>
	<leader>01253cas a2200397 a 4500</leader>
	<controlfield tag="001">REROILS:2000015</controlfield>
	<controlfield tag="003">RERO</controlfield>
	<controlfield tag="005">20200712095400.0</controlfield>
	<controlfield tag="008">960909c19419999gw |||m|| ||||0 || 0lat d</controlfield>
	<datafield ind1=" " ind2=" " tag="022">
		<subfield code="a">0340-8035</subfield>
	</datafield>
	<datafield ind1=" " ind2=" " tag="035">
		<subfield code="a">0069758</subfield>
	</datafield>
	<datafield ind1=" " ind2=" " tag="039">
		<subfield code="b">9400</subfield>
	</datafield>
	<datafield ind1=" " ind2="9" tag="039">
		<subfield code="a">202007120954</subfield>
		<subfield code="b">VLOAD</subfield>
		<subfield code="c">201908191127</subfield>
		<subfield code="d">VLOAD</subfield>
		<subfield code="c">201907051207</subfield>
		<subfield code="d">VLOAD</subfield>
		<subfield code="c">201806071349</subfield>
		<subfield code="d">6065</subfield>
		<subfield code="y">1999022711400000</subfield>
		<subfield code="z">load</subfield>
	</datafield>
	<datafield ind1=" " ind2=" " tag="040">
		<subfield code="a">RERO</subfield>
	</datafield>
	<datafield ind1="0" ind2=" " tag="041">
		<subfield code="a">lat</subfield>
		<subfield code="a">ger</subfield>
	</datafield>
	<datafield ind1=" " ind2="7" tag="072">
		<subfield code="a">s1hm</subfield>
		<subfield code="2">rero</subfield>
	</datafield>
	<datafield ind1="0" ind2="0" tag="245">
		<subfield code="a">Staatsschriften des späteren Mittelalters /</subfield>
		<subfield code="c">hrsg. vom Reichsinstitut für ältere deutsche Geschichtskunde</subfield>
	</datafield>
	<datafield ind1="3" ind2=" " tag="246">
		<subfield code="a">Monumenta Germaniae historica.</subfield>
		<subfield code="p">Scriptores.</subfield>
		<subfield code="p">Staatsschriften des späteren Mittelalters</subfield>
	</datafield>
	<datafield ind1=" " ind2="1" tag="264">
		<subfield code="a">Leipzig :</subfield>
		<subfield code="b">K.W. Hiersemann ;</subfield>
		<subfield code="a">Stuttgart :</subfield>
		<subfield code="b">A. Hiersemann,</subfield>
		<subfield code="c">1941-&gt;</subfield>
	</datafield>
	<datafield ind1=" " ind2=" " tag="300">
		<subfield code="c">27 cm</subfield>
	</datafield>
	<datafield ind1=" " ind2=" " tag="336">
		<subfield code="b">txt</subfield>
		<subfield code="2">rdacontent</subfield>
	</datafield>
	<datafield ind1=" " ind2=" " tag="337">
		<subfield code="b">n</subfield>
		<subfield code="2">rdamedia</subfield>
	</datafield>
	<datafield ind1=" " ind2=" " tag="338">
		<subfield code="b">nc</subfield>
		<subfield code="2">rdacarrier</subfield>
	</datafield>
	<datafield ind1=" " ind2=" " tag="339">
		<subfield code="a">docmaintype_series</subfield>
	</datafield>
	<datafield ind1="0" ind2=" " tag="362">
		<subfield code="a">Bd. 1-&gt;</subfield>
	</datafield>
	<datafield ind1="0" ind2=" " tag="490">
		<subfield code="a">Monumenta Germaniae historica</subfield>
	</datafield>
	<datafield ind1="2" ind2=" " tag="710">
		<subfield code="a">Reichsinstitut für Ältere Deutsche Geschichtskunde (Leipzig)</subfield>
		<subfield code="0">(IDREF)068666918</subfield>
	</datafield>
	<datafield ind1=" " ind2=" " tag="900">
		<subfield code="a">noselfmerge</subfield>
	</datafield>
	<datafield ind1=" " ind2=" " tag="902">
		<subfield code="a">suitebge</subfield>
	</datafield>
	<datafield ind1=" " ind2=" " tag="956">
		<subfield code="a">frbcuc</subfield>
	</datafield>
	<datafield ind1=" " ind2=" " tag="957">
		<subfield code="a">gevbge</subfield>
	</datafield>
	<datafield ind1=" " ind2=" " tag="962">
		<subfield code="a">nebpun</subfield>
	</datafield>
	<datafield ind1=" " ind2=" " tag="981">
		<subfield code="2">SHMA</subfield>
		<subfield code="a">EAA</subfield>
	</datafield>
	<datafield ind1=" " ind2=" " tag="981">
		<subfield code="2">SL</subfield>
		<subfield code="a">JC</subfield>
	</datafield>
	<datafield ind1=" " ind2=" " tag="981">
		<subfield code="2">IEM</subfield>
		<subfield code="a">YB</subfield>
	</datafield>
	<datafield ind1=" " ind2=" " tag="992">
		<subfield code="a">BGE GD 1789 C 2</subfield>
		<subfield code="x">ge/vbge/a</subfield>
	</datafield>
</record>