

<record>
	<leader>00741nas a2200253 a 4500</leader>
	<controlfield tag="001">REROILS:2000009</controlfield>
	<controlfield tag="003">RERO</controlfield>
	<controlfield tag="005">20170518092500.0</controlfield>
	<controlfield tag="008">981124         sw |||m|  ||||0 |  0eng d</controlfield>
	<datafield ind1=" " ind2=" " tag="022">
		<subfield code="a">1239-9469</subfield>
	</datafield>
	<datafield ind1=" " ind2=" " tag="035">
		<subfield code="a">R240072060</subfield>
	</datafield>
	<datafield ind1=" " ind2=" " tag="039">
		<subfield code="b">6304i</subfield>
	</datafield>
	<datafield ind1=" " ind2="9" tag="039">
		<subfield code="a">201705180925</subfield>
		<subfield code="b">VLOAD</subfield>
		<subfield code="c">200605281053</subfield>
		<subfield code="d">VLOAD</subfield>
		<subfield code="y">1999030200440000</subfield>
		<subfield code="z">load0063</subfield>
	</datafield>
	<datafield ind1=" " ind2=" " tag="040">
		<subfield code="a">RERO gevcjb</subfield>
	</datafield>
	<datafield ind1=" " ind2="7" tag="072">
		<subfield code="a">s1bo</subfield>
		<subfield code="2">rero</subfield>
	</datafield>
	<datafield ind1="0" ind2="0" tag="245">
		<subfield code="a">Dissertationes biocentri viikki universitatis helsingiensis</subfield>
	</datafield>
	<datafield ind1=" " ind2="1" tag="264">
		<subfield code="a">Helsinki :</subfield>
		<subfield code="b">University of Helsinky - Institute of Biotechnology and Department of Biosciences</subfield>
	</datafield>
	<datafield ind1=" " ind2=" " tag="300">
		<subfield code="c">25 cm</subfield>
	</datafield>
	<datafield ind1=" " ind2=" " tag="336">
		<subfield code="b">txt</subfield>
		<subfield code="2">rdacontent</subfield>
	</datafield>
	<datafield ind1=" " ind2=" " tag="337">
		<subfield code="b">n</subfield>
		<subfield code="2">rdamedia</subfield>
	</datafield>
	<datafield ind1=" " ind2=" " tag="338">
		<subfield code="b">nc</subfield>
		<subfield code="2">rdacarrier</subfield>
	</datafield>
	<datafield ind1=" " ind2=" " tag="339">
		<subfield code="a">docmaintype_series</subfield>
	</datafield>
	<datafield ind1=" " ind2=" " tag="900">
		<subfield code="a">noselfmerge</subfield>
	</datafield>
	<datafield ind1=" " ind2=" " tag="957">
		<subfield code="a">gevcjb</subfield>
	</datafield>
</record>