

<record>
	<leader>00831nas a22002417a 4500</leader>
	<controlfield tag="001">REROILS:2000036</controlfield>
	<controlfield tag="003">RERO</controlfield>
	<controlfield tag="005">20170518103500.0</controlfield>
	<controlfield tag="008">000913         xxu|||m|| ||||0 || 0eng d</controlfield>
	<datafield ind1=" " ind2=" " tag="019">
		<subfield code="a">Ne pas confondre avec la série du même nom publ. par Allen and Unwin, dont les vol. et leur numérotation changent après le vol. 10</subfield>
		<subfield code="9">frbcuc/03.2000/0007</subfield>
	</datafield>
	<datafield ind1=" " ind2=" " tag="035">
		<subfield code="a">R267045360</subfield>
	</datafield>
	<datafield ind1=" " ind2=" " tag="039">
		<subfield code="b">0007</subfield>
	</datafield>
	<datafield ind1=" " ind2="9" tag="039">
		<subfield code="a">201705181035</subfield>
		<subfield code="b">VLOAD</subfield>
		<subfield code="c">200605290157</subfield>
		<subfield code="d">VLOAD</subfield>
		<subfield code="y">200009131429</subfield>
		<subfield code="z">VLOAD</subfield>
	</datafield>
	<datafield ind1=" " ind2=" " tag="040">
		<subfield code="a">RERO frbcuc</subfield>
	</datafield>
	<datafield ind1="0" ind2=" " tag="130">
		<subfield code="a">Readings in literary criticism.</subfield>
		<subfield code="p">University of Miami Press</subfield>
	</datafield>
	<datafield ind1="1" ind2="0" tag="245">
		<subfield code="a">Readings in literary criticism</subfield>
	</datafield>
	<datafield ind1=" " ind2="1" tag="264">
		<subfield code="a">Coral Gables Fla. :</subfield>
		<subfield code="b">University of Miami Press</subfield>
	</datafield>
	<datafield ind1=" " ind2=" " tag="336">
		<subfield code="b">txt</subfield>
		<subfield code="2">rdacontent</subfield>
	</datafield>
	<datafield ind1=" " ind2=" " tag="337">
		<subfield code="b">n</subfield>
		<subfield code="2">rdamedia</subfield>
	</datafield>
	<datafield ind1=" " ind2=" " tag="338">
		<subfield code="b">nc</subfield>
		<subfield code="2">rdacarrier</subfield>
	</datafield>
	<datafield ind1=" " ind2=" " tag="339">
		<subfield code="a">docmaintype_series</subfield>
	</datafield>
	<datafield ind1=" " ind2=" " tag="900">
		<subfield code="a">noselfmerge</subfield>
	</datafield>
	<datafield ind1=" " ind2=" " tag="900">
		<subfield code="a">reroslsp</subfield>
	</datafield>
</record>