

<record>
	<leader>01432cas a2200301 a 4500</leader>
	<controlfield tag="001">REROILS:2000050</controlfield>
	<controlfield tag="003">RERO</controlfield>
	<controlfield tag="005">20200712140200.0</controlfield>
	<controlfield tag="008">960912d19151939xxu|||m|| ||||0 || 0eng d</controlfield>
	<datafield ind1=" " ind2=" " tag="035">
		<subfield code="a">0073799</subfield>
	</datafield>
	<datafield ind1=" " ind2="9" tag="039">
		<subfield code="a">202007121402</subfield>
		<subfield code="b">VLOAD</subfield>
		<subfield code="c">201803291615</subfield>
		<subfield code="d">VLOAD</subfield>
		<subfield code="c">201705151538</subfield>
		<subfield code="d">VLOAD</subfield>
		<subfield code="c">201703281350</subfield>
		<subfield code="d">VLOAD</subfield>
		<subfield code="y">1999022711460000</subfield>
		<subfield code="z">load</subfield>
	</datafield>
	<datafield ind1=" " ind2=" " tag="040">
		<subfield code="a">RERO</subfield>
	</datafield>
	<datafield ind1=" " ind2="7" tag="072">
		<subfield code="a">s1dr</subfield>
		<subfield code="2">rero</subfield>
	</datafield>
	<datafield ind1="0" ind2="0" tag="245">
		<subfield code="a">Publications of the Carnegie Endowment for International Peace.</subfield>
		<subfield code="p">Division of International Law =</subfield>
		<subfield code="b">Publications de la Dotation Carnegie pour la paix internationale. Division de droit international = Publicaciones de la Dotación Carnegie para la paz internacional. División de derecho internacional</subfield>
	</datafield>
	<datafield ind1="3" ind2=" " tag="246">
		<subfield code="a">Publications de la Dotation Carnegie pour la Paix Internationale.</subfield>
		<subfield code="p">Division de droit international</subfield>
	</datafield>
	<datafield ind1="3" ind2=" " tag="246">
		<subfield code="a">Publicaciones de la Dotación Carnegie para la Paz Internacional. División de derecho internacional</subfield>
	</datafield>
	<datafield ind1=" " ind2="1" tag="264">
		<subfield code="a">Oxford :</subfield>
		<subfield code="b">Clarendon Press,</subfield>
		<subfield code="c">1915-1939</subfield>
	</datafield>
	<datafield ind1=" " ind2=" " tag="300">
		<subfield code="c">27 cm</subfield>
	</datafield>
	<datafield ind1=" " ind2=" " tag="336">
		<subfield code="b">txt</subfield>
		<subfield code="2">rdacontent</subfield>
	</datafield>
	<datafield ind1=" " ind2=" " tag="337">
		<subfield code="b">n</subfield>
		<subfield code="2">rdamedia</subfield>
	</datafield>
	<datafield ind1=" " ind2=" " tag="338">
		<subfield code="b">nc</subfield>
		<subfield code="2">rdacarrier</subfield>
	</datafield>
	<datafield ind1=" " ind2=" " tag="339">
		<subfield code="a">docmaintype_series</subfield>
	</datafield>
	<datafield ind1=" " ind2=" " tag="500">
		<subfield code="a">Collection non numérotée</subfield>
	</datafield>
	<datafield ind1="2" ind2=" " tag="710">
		<subfield code="a">Dotation Carnegie pour la paix internationale.</subfield>
		<subfield code="b">Division de droit international</subfield>
		<subfield code="0">(IDREF)08859176X</subfield>
	</datafield>
	<datafield ind1=" " ind2=" " tag="900">
		<subfield code="a">noselfmerge</subfield>
	</datafield>
	<datafield ind1=" " ind2=" " tag="956">
		<subfield code="a">frbcuc</subfield>
	</datafield>
	<datafield ind1=" " ind2=" " tag="962">
		<subfield code="a">neubfd</subfield>
	</datafield>
</record>