

<record>
	<leader>00836nas a2200277 a 4500</leader>
	<controlfield tag="001">REROILS:2000055</controlfield>
	<controlfield tag="003">RERO</controlfield>
	<controlfield tag="005">20170517175700.0</controlfield>
	<controlfield tag="008">960108d18971908xxk|||p|| ||||0 || 0eng d</controlfield>
	<datafield ind1=" " ind2=" " tag="035">
		<subfield code="a">2130964</subfield>
	</datafield>
	<datafield ind1=" " ind2="9" tag="039">
		<subfield code="a">201705171757</subfield>
		<subfield code="b">VLOAD</subfield>
		<subfield code="c">200812220338</subfield>
		<subfield code="d">VLOAD</subfield>
		<subfield code="c">200709180958</subfield>
		<subfield code="d">VLOAD</subfield>
		<subfield code="c">200605292310</subfield>
		<subfield code="d">VLOAD</subfield>
		<subfield code="y">1999030113090000</subfield>
		<subfield code="z">load</subfield>
	</datafield>
	<datafield ind1=" " ind2=" " tag="040">
		<subfield code="a">RERO geudbu</subfield>
	</datafield>
	<datafield ind1=" " ind2="7" tag="072">
		<subfield code="a">s1me</subfield>
		<subfield code="2">rero</subfield>
	</datafield>
	<datafield ind1="0" ind2="4" tag="245">
		<subfield code="a">The Scottish medical &amp; [and] surgical journal</subfield>
	</datafield>
	<datafield ind1=" " ind2="1" tag="264">
		<subfield code="a">Edinburgh :</subfield>
		<subfield code="b">W.F. Clay</subfield>
	</datafield>
	<datafield ind1=" " ind2=" " tag="300">
		<subfield code="c">23 cm</subfield>
	</datafield>
	<datafield ind1=" " ind2=" " tag="336">
		<subfield code="b">txt</subfield>
		<subfield code="2">rdacontent</subfield>
	</datafield>
	<datafield ind1=" " ind2=" " tag="337">
		<subfield code="b">n</subfield>
		<subfield code="2">rdamedia</subfield>
	</datafield>
	<datafield ind1=" " ind2=" " tag="338">
		<subfield code="b">nc</subfield>
		<subfield code="2">rdacarrier</subfield>
	</datafield>
	<datafield ind1=" " ind2=" " tag="339">
		<subfield code="a">docmaintype_serial</subfield>
	</datafield>
	<datafield ind1="0" ind2=" " tag="362">
		<subfield code="a">Vol. 1(1897) - vol. 22(1908)</subfield>
	</datafield>
	<datafield ind1=" " ind2=" " tag="580">
		<subfield code="a">Absorbé en 1908 par: The Edinburgh medical journal</subfield>
	</datafield>
	<datafield ind1="1" ind2="0" tag="785">
		<subfield code="t">Edinburgh medical journal</subfield>
		<subfield code="w">REROILS:9</subfield>
	</datafield>
	<datafield ind1=" " ind2=" " tag="900">
		<subfield code="a">noselfmerge</subfield>
	</datafield>
	<datafield ind1=" " ind2=" " tag="957">
		<subfield code="a">gevbge</subfield>
	</datafield>
	<datafield ind1=" " ind2=" " tag="992">
		<subfield code="a">BGE NA 370</subfield>
		<subfield code="x">ge/vbge/w</subfield>
	</datafield>
</record>