

<record>
	<leader>02684cas a2200517 a 4500</leader>
	<controlfield tag="001">REROILS:2000019</controlfield>
	<controlfield tag="003">RERO</controlfield>
	<controlfield tag="005">20200712074800.0</controlfield>
	<controlfield tag="008">961214d19421967sz |||p|| ||||0 || 0ger d</controlfield>
	<datafield ind1=" " ind2=" " tag="019">
		<subfield code="a">Notices analytiques</subfield>
		<subfield code="9">geufpe/06.2004</subfield>
	</datafield>
	<datafield ind1=" " ind2=" " tag="035">
		<subfield code="a">0063129</subfield>
	</datafield>
	<datafield ind1=" " ind2="9" tag="039">
		<subfield code="a">202007120748</subfield>
		<subfield code="b">VLOAD</subfield>
		<subfield code="c">201811161900</subfield>
		<subfield code="d">VLOAD</subfield>
		<subfield code="c">201803292005</subfield>
		<subfield code="d">VLOAD</subfield>
		<subfield code="c">201801261045</subfield>
		<subfield code="d">VLOAD</subfield>
		<subfield code="y">1999022711290000</subfield>
		<subfield code="z">load</subfield>
	</datafield>
	<datafield ind1=" " ind2=" " tag="040">
		<subfield code="a">RERO</subfield>
	</datafield>
	<datafield ind1="0" ind2=" " tag="041">
		<subfield code="a">ger</subfield>
		<subfield code="a">fre</subfield>
	</datafield>
	<datafield ind1=" " ind2="7" tag="072">
		<subfield code="a">s1ps</subfield>
		<subfield code="2">rero</subfield>
	</datafield>
	<datafield ind1="0" ind2="0" tag="245">
		<subfield code="a">Schweizerische Zeitschrift für Psychologie und ihre Anwendungen /</subfield>
		<subfield code="c">hrsg. von der Schweizerischen Gesellschaft für Psychologie und ihre Anwendungen = Revue suisse de psychologie pure et appliquée / éd. par la Société suisse de psychologie et de psychologie appliquée</subfield>
	</datafield>
	<datafield ind1="3" ind2=" " tag="246">
		<subfield code="a">Revue suisse de psychologie pure et appliquée</subfield>
	</datafield>
	<datafield ind1="3" ind2=" " tag="246">
		<subfield code="a">Revue suisse de psychologie et de psychologie appliquée</subfield>
	</datafield>
	<datafield ind1=" " ind2="1" tag="264">
		<subfield code="a">Bern ;</subfield>
		<subfield code="a">Stuttgart [usw.] :</subfield>
		<subfield code="b">H. Huber,</subfield>
		<subfield code="c">1942-1967</subfield>
	</datafield>
	<datafield ind1=" " ind2=" " tag="300">
		<subfield code="c">23 cm</subfield>
	</datafield>
	<datafield ind1=" " ind2=" " tag="310">
		<subfield code="a">Trimestriel</subfield>
	</datafield>
	<datafield ind1=" " ind2=" " tag="336">
		<subfield code="b">txt</subfield>
		<subfield code="2">rdacontent</subfield>
	</datafield>
	<datafield ind1=" " ind2=" " tag="337">
		<subfield code="b">n</subfield>
		<subfield code="2">rdamedia</subfield>
	</datafield>
	<datafield ind1=" " ind2=" " tag="338">
		<subfield code="b">nc</subfield>
		<subfield code="2">rdacarrier</subfield>
	</datafield>
	<datafield ind1=" " ind2=" " tag="339">
		<subfield code="a">docmaintype_serial</subfield>
	</datafield>
	<datafield ind1="0" ind2=" " tag="362">
		<subfield code="a">Bd. 1(1942) - Bd. 26, H. 2(1967)</subfield>
	</datafield>
	<datafield ind1=" " ind2=" " tag="500">
		<subfield code="a">Titre parallèle jusqu'au vol. 9(1950): Revue suisse de psychologie et de psychologie appliquée</subfield>
	</datafield>
	<datafield ind1=" " ind2=" " tag="580">
		<subfield code="a">Absorbe: Zeitschrift für diagnostische Psychologie und Persönlichkeitsforschung. Devient: Psychologie</subfield>
	</datafield>
	<datafield ind1=" " ind2=" " tag="580">
		<subfield code="a">A pour suppl.: Beiheft zur Schweizerischen Zeitschrift für Psychologie und Ihre Anwendungen</subfield>
	</datafield>
	<datafield ind1=" " ind2="7" tag="650">
		<subfield code="a">Psychologie</subfield>
		<subfield code="2">rero</subfield>
	</datafield>
	<datafield ind1=" " ind2="7" tag="655">
		<subfield code="a">[Périodiques]</subfield>
		<subfield code="2">rero</subfield>
	</datafield>
	<datafield ind1="2" ind2=" " tag="710">
		<subfield code="a">Société suisse de psychologie et de psychologie appliquée</subfield>
	</datafield>
	<datafield ind1="1" ind2=" " tag="770">
		<subfield code="t">Beiheft zur Schweizerischen Zeitschrift für Psychologie und Ihre Anwendungen = Supplément à la Revue suisse de psychologie pure et appliquée</subfield>
		<subfield code="w">REROILS:2000108</subfield>
	</datafield>
	<datafield ind1="1" ind2="0" tag="780">
		<subfield code="t">Zeitschrift für diagnostische Psychologie und Persönlichkeitsforschung = Revue de psychologie diagnostique et d'étude de la personnalité = Review of diagnostic psychology and personality exploration</subfield>
		<subfield code="w">REROILS:2000109</subfield>
	</datafield>
	<datafield ind1="1" ind2="0" tag="785">
		<subfield code="t">Psychologie : schweizerische Zeitschrift für Psychologie und ihre Anwendungen</subfield>
		<subfield code="w">REROILS:2000107</subfield>
	</datafield>
	<datafield ind1=" " ind2=" " tag="900">
		<subfield code="a">noselfmerge</subfield>
	</datafield>
	<datafield ind1=" " ind2=" " tag="901">
		<subfield code="a">recatfr01</subfield>
	</datafield>
	<datafield ind1=" " ind2=" " tag="919">
		<subfield code="9">650 _7</subfield>
		<subfield code="a">psychologie</subfield>
		<subfield code="v">[périodique]</subfield>
		<subfield code="2">chrero</subfield>
	</datafield>
	<datafield ind1=" " ind2=" " tag="956">
		<subfield code="a">frbcuc</subfield>
	</datafield>
	<datafield ind1=" " ind2=" " tag="957">
		<subfield code="a">geufpe gevbge</subfield>
	</datafield>
	<datafield ind1=" " ind2=" " tag="962">
		<subfield code="a">nebpun neusfs</subfield>
	</datafield>
	<datafield ind1=" " ind2=" " tag="992">
		<subfield code="a">FPEP 387</subfield>
		<subfield code="x">ge/ufpe/a</subfield>
	</datafield>
	<datafield ind1=" " ind2=" " tag="992">
		<subfield code="a">BGE CB 1427</subfield>
		<subfield code="x">ge/vbge/a/45/4738</subfield>
	</datafield>
	<datafield ind1=" " ind2=" " tag="994">
		<subfield code="a">BPUN PU 363</subfield>
		<subfield code="x">ne/bpun/a</subfield>
	</datafield>
	<datafield ind1=" " ind2=" " tag="994">
		<subfield code="a">YR 14</subfield>
		<subfield code="x">ne/uses/d/ Bd. 19(1960) - Bd. 26, H. 2(1967) [Lacunes.]</subfield>
	</datafield>
</record>