

<record>
	<leader>02049nas a22004817a 4500</leader>
	<controlfield tag="001">REROILS:2000012</controlfield>
	<controlfield tag="003">RERO</controlfield>
	<controlfield tag="005">20200117012800.0</controlfield>
	<controlfield tag="008">000925         xx |||m|| ||||0 || 0und d</controlfield>
	<datafield ind1=" " ind2=" " tag="035">
		<subfield code="a">0338207</subfield>
	</datafield>
	<datafield ind1=" " ind2=" " tag="039">
		<subfield code="b">1008</subfield>
		<subfield code="b">1012</subfield>
		<subfield code="b">2206c</subfield>
		<subfield code="b">0024c</subfield>
		<subfield code="b">0023c</subfield>
	</datafield>
	<datafield ind1=" " ind2="9" tag="039">
		<subfield code="a">202001170128</subfield>
		<subfield code="b">VLOAD</subfield>
		<subfield code="c">201705160805</subfield>
		<subfield code="d">VLOAD</subfield>
		<subfield code="c">201206011709</subfield>
		<subfield code="d">8705</subfield>
		<subfield code="c">201205311027</subfield>
		<subfield code="d">9300</subfield>
		<subfield code="y">1999022718030000</subfield>
		<subfield code="z">load</subfield>
	</datafield>
	<datafield ind1=" " ind2=" " tag="040">
		<subfield code="a">RERO</subfield>
	</datafield>
	<datafield ind1="0" ind2="0" tag="245">
		<subfield code="a">Rororo</subfield>
	</datafield>
	<datafield ind1="3" ind2=" " tag="246">
		<subfield code="a">Rororo Taschenbücher</subfield>
	</datafield>
	<datafield ind1="3" ind2=" " tag="246">
		<subfield code="a">Rororo Taschenbuch</subfield>
	</datafield>
	<datafield ind1="3" ind2=" " tag="246">
		<subfield code="a">Rowohlts Rotations Romane</subfield>
	</datafield>
	<datafield ind1="3" ind2=" " tag="246">
		<subfield code="a">Rororo aktuell</subfield>
	</datafield>
	<datafield ind1="3" ind2=" " tag="246">
		<subfield code="a">Rororo Sachbuch</subfield>
	</datafield>
	<datafield ind1="3" ind2=" " tag="246">
		<subfield code="a">Rororo Sport</subfield>
	</datafield>
	<datafield ind1="3" ind2=" " tag="246">
		<subfield code="a">Rororo Handbuch</subfield>
	</datafield>
	<datafield ind1="3" ind2=" " tag="246">
		<subfield code="a">Rororo Computer</subfield>
	</datafield>
	<datafield ind1="3" ind2=" " tag="246">
		<subfield code="a">Rororo Klassiker</subfield>
	</datafield>
	<datafield ind1="3" ind2=" " tag="246">
		<subfield code="a">Rororo Panther</subfield>
	</datafield>
	<datafield ind1="3" ind2=" " tag="246">
		<subfield code="a">Rororo Elternrat</subfield>
	</datafield>
	<datafield ind1="3" ind2=" " tag="246">
		<subfield code="a">Rororo Sexologie</subfield>
	</datafield>
	<datafield ind1="3" ind2=" " tag="246">
		<subfield code="a">Frauen aktuell</subfield>
	</datafield>
	<datafield ind1="3" ind2=" " tag="246">
		<subfield code="a">Rororo Film und TV</subfield>
	</datafield>
	<datafield ind1="3" ind2=" " tag="246">
		<subfield code="a">Rororo Grossdruck</subfield>
	</datafield>
	<datafield ind1="3" ind2=" " tag="246">
		<subfield code="a">Mit Kindern leben</subfield>
	</datafield>
	<datafield ind1="3" ind2=" " tag="246">
		<subfield code="a">Rororo Science</subfield>
	</datafield>
	<datafield ind1="3" ind2=" " tag="246">
		<subfield code="a">Politische Erziehung</subfield>
	</datafield>
	<datafield ind1=" " ind2="1" tag="264">
		<subfield code="a">Reinbek bei Hamburg :</subfield>
		<subfield code="b">Rowohlt</subfield>
	</datafield>
	<datafield ind1=" " ind2=" " tag="336">
		<subfield code="b">txt</subfield>
		<subfield code="2">rdacontent</subfield>
	</datafield>
	<datafield ind1=" " ind2=" " tag="337">
		<subfield code="b">n</subfield>
		<subfield code="2">rdamedia</subfield>
	</datafield>
	<datafield ind1=" " ind2=" " tag="338">
		<subfield code="b">nc</subfield>
		<subfield code="2">rdacarrier</subfield>
	</datafield>
	<datafield ind1=" " ind2=" " tag="339">
		<subfield code="a">docmaintype_series</subfield>
	</datafield>
	<datafield ind1=" " ind2=" " tag="500">
		<subfield code="a">Autres formes du titre et séries non cataloguées séparément: Rororo Taschenbuch ; Rororo Taschenbücher ; Rowohlts Rotations Romane ; Rororo aktuell ; Rororo Sachbuch ; Rororo Science ; Rororo Sport ; Rororo Handbuch ; Rororo Computer ; Rororo Panther ; Rororo Elternrat ; Frauen aktuell ; Rororo Sexologie ; Rororo Film und TV ; Rororo Grossdruck ; Mit Kindern leben</subfield>
	</datafield>
	<datafield ind1=" " ind2=" " tag="500">
		<subfield code="a">Seules les séries suivantes sont cataloguées séparément: &quot;Bildmonographie&quot; (s'intitule aussi &quot;Monographie&quot;), &quot;Rotfuchs&quot;, &quot;Studium&quot;, &quot;Tele&quot;, &quot;Thriller&quot;, &quot;Rowohlts Monographien&quot;, &quot;Mann&quot;, &quot;Rowohlts Enzyklopädie&quot;</subfield>
	</datafield>
	<datafield ind1=" " ind2=" " tag="900">
		<subfield code="a">noselfmerge</subfield>
	</datafield>
	<datafield ind1=" " ind2=" " tag="953">
		<subfield code="a">iftfla</subfield>
	</datafield>
	<datafield ind1=" " ind2=" " tag="983">
		<subfield code="2">iftfla</subfield>
		<subfield code="a">TFLa</subfield>
	</datafield>
</record>