

<record>
	<leader>01229nas a2200313 a 4500</leader>
	<controlfield tag="001">REROILS:2000047</controlfield>
	<controlfield tag="003">RERO</controlfield>
	<controlfield tag="005">20170516085300.0</controlfield>
	<controlfield tag="008">861017d19771985gw |||p|| ||||0 || 0ger d</controlfield>
	<datafield ind1=" " ind2=" " tag="035">
		<subfield code="a">0764578</subfield>
	</datafield>
	<datafield ind1=" " ind2="9" tag="039">
		<subfield code="a">201705160853</subfield>
		<subfield code="b">VLOAD</subfield>
		<subfield code="c">200605282054</subfield>
		<subfield code="d">VLOAD</subfield>
		<subfield code="c">200410122026</subfield>
		<subfield code="d">VLOAD</subfield>
		<subfield code="y">1999022803500000</subfield>
		<subfield code="z">load</subfield>
	</datafield>
	<datafield ind1=" " ind2=" " tag="040">
		<subfield code="a">RERO frbcuc</subfield>
	</datafield>
	<datafield ind1=" " ind2="7" tag="072">
		<subfield code="a">s1in</subfield>
		<subfield code="2">rero</subfield>
	</datafield>
	<datafield ind1="0" ind2="0" tag="245">
		<subfield code="a">ÖVD Online/adI :</subfield>
		<subfield code="b">öffentliche Verwaltung und Datenverarbeitung : Organ des ADI - Anwenderverband Deutscher Informationsverarbeiter</subfield>
	</datafield>
	<datafield ind1=" " ind2="1" tag="264">
		<subfield code="a">Köln :</subfield>
		<subfield code="b">R. Müller,</subfield>
		<subfield code="c">1977-1985</subfield>
	</datafield>
	<datafield ind1=" " ind2=" " tag="300">
		<subfield code="c">30 cm</subfield>
	</datafield>
	<datafield ind1=" " ind2=" " tag="310">
		<subfield code="a">Ersch. monatlich</subfield>
	</datafield>
	<datafield ind1=" " ind2=" " tag="336">
		<subfield code="b">txt</subfield>
		<subfield code="2">rdacontent</subfield>
	</datafield>
	<datafield ind1=" " ind2=" " tag="337">
		<subfield code="b">n</subfield>
		<subfield code="2">rdamedia</subfield>
	</datafield>
	<datafield ind1=" " ind2=" " tag="338">
		<subfield code="b">nc</subfield>
		<subfield code="2">rdacarrier</subfield>
	</datafield>
	<datafield ind1=" " ind2=" " tag="339">
		<subfield code="a">docmaintype_serial</subfield>
	</datafield>
	<datafield ind1="0" ind2=" " tag="362">
		<subfield code="a">1977-1985</subfield>
	</datafield>
	<datafield ind1=" " ind2=" " tag="580">
		<subfield code="a">Früher: ÖVD. Später: Online</subfield>
	</datafield>
	<datafield ind1="2" ind2=" " tag="710">
		<subfield code="a">Anwenderverband Deutscher Informationsverarbeiter</subfield>
	</datafield>
	<datafield ind1="1" ind2="0" tag="780">
		<subfield code="t">ÖVD : öffentliche Verwaltung und Datenverarbeitung : unabhängige Fachzeitschrift für Organisation und Automation in der öffentlichen Verwaltung</subfield>
		<subfield code="w">REROILS:244</subfield>
	</datafield>
	<datafield ind1="1" ind2="0" tag="785">
		<subfield code="t">Online : Journal für Informationsverarbeitung mit ÖVD : Organ des ADI - Anwenderverband Deutscher Informationsverarbeiter</subfield>
		<subfield code="w">REROILS:2000110</subfield>
	</datafield>
	<datafield ind1=" " ind2=" " tag="900">
		<subfield code="a">noselfmerge</subfield>
	</datafield>
	<datafield ind1=" " ind2=" " tag="956">
		<subfield code="a">frbcuc</subfield>
	</datafield>
	<datafield ind1=" " ind2=" " tag="980">
		<subfield code="2">dr-sys</subfield>
		<subfield code="a">CA/D 40 f</subfield>
	</datafield>
</record>