

<record>
	<leader>00611nas a22002177a 4500</leader>
	<controlfield tag="001">REROILS:2000045</controlfield>
	<controlfield tag="003">RERO</controlfield>
	<controlfield tag="005">20190705132100.0</controlfield>
	<controlfield tag="008">170928u20029999bl |||m|  ||||0 |  0por d</controlfield>
	<datafield ind1=" " ind2=" " tag="035">
		<subfield code="a">R008708760</subfield>
	</datafield>
	<datafield ind1=" " ind2="9" tag="039">
		<subfield code="a">201907051321</subfield>
		<subfield code="b">VLOAD</subfield>
		<subfield code="y">201709280932</subfield>
		<subfield code="z">6308</subfield>
	</datafield>
	<datafield ind1=" " ind2=" " tag="040">
		<subfield code="a">RERO gevcjb</subfield>
	</datafield>
	<datafield ind1="0" ind2=" " tag="130">
		<subfield code="a">Instituto do Milênio do Semi Árido</subfield>
	</datafield>
	<datafield ind1="1" ind2="2" tag="245">
		<subfield code="a">O Instituto do Milênio do Semi Árido (IMSEAR), Brasil (2002-2006)</subfield>
	</datafield>
	<datafield ind1=" " ind2="1" tag="264">
		<subfield code="a">Recife :</subfield>
		<subfield code="b">IMSEAR</subfield>
	</datafield>
	<datafield ind1=" " ind2=" " tag="336">
		<subfield code="b">txt</subfield>
		<subfield code="2">rdacontent</subfield>
	</datafield>
	<datafield ind1=" " ind2=" " tag="337">
		<subfield code="b">n</subfield>
		<subfield code="2">rdamedia</subfield>
	</datafield>
	<datafield ind1=" " ind2=" " tag="338">
		<subfield code="b">nc</subfield>
		<subfield code="2">rdacarrier</subfield>
	</datafield>
	<datafield ind1=" " ind2=" " tag="339">
		<subfield code="a">docmaintype_series</subfield>
	</datafield>
	<datafield ind1=" " ind2=" " tag="900">
		<subfield code="a">noselfmerge</subfield>
	</datafield>
	<datafield ind1=" " ind2=" " tag="900">
		<subfield code="a">reroslsp</subfield>
	</datafield>
</record>