

<record>
	<leader>01808nas a2200409 a 4500</leader>
	<controlfield tag="001">REROILS:2000020</controlfield>
	<controlfield tag="003">RERO</controlfield>
	<controlfield tag="005">20170517133200.0</controlfield>
	<controlfield tag="008">910828d18951899xxu|||p|| ||||0 || 0eng d</controlfield>
	<datafield ind1=" " ind2=" " tag="035">
		<subfield code="a">1420150</subfield>
	</datafield>
	<datafield ind1=" " ind2="9" tag="039">
		<subfield code="a">201705171332</subfield>
		<subfield code="b">VLOAD</subfield>
		<subfield code="c">201411111248</subfield>
		<subfield code="d">6066</subfield>
		<subfield code="c">200812221051</subfield>
		<subfield code="d">VLOAD</subfield>
		<subfield code="c">200812212123</subfield>
		<subfield code="d">VLOAD</subfield>
		<subfield code="y">1999022819110000</subfield>
		<subfield code="z">load</subfield>
	</datafield>
	<datafield ind1=" " ind2=" " tag="040">
		<subfield code="a">RERO geusob</subfield>
	</datafield>
	<datafield ind1=" " ind2="7" tag="072">
		<subfield code="a">s1as</subfield>
		<subfield code="2">rero</subfield>
	</datafield>
	<datafield ind1="0" ind2="0" tag="245">
		<subfield code="a">Astronomical, magnetic and meteorological observations made during the year... at the United States Naval Observatory</subfield>
	</datafield>
	<datafield ind1="3" ind2=" " tag="246">
		<subfield code="a">Washington observations</subfield>
	</datafield>
	<datafield ind1=" " ind2="1" tag="264">
		<subfield code="a">Washington D.C. :</subfield>
		<subfield code="b">Government Printing Office,</subfield>
		<subfield code="c">1895-1899</subfield>
	</datafield>
	<datafield ind1=" " ind2=" " tag="300">
		<subfield code="c">30 cm</subfield>
	</datafield>
	<datafield ind1=" " ind2=" " tag="310">
		<subfield code="a">Annuel</subfield>
	</datafield>
	<datafield ind1=" " ind2=" " tag="336">
		<subfield code="b">txt</subfield>
		<subfield code="2">rdacontent</subfield>
	</datafield>
	<datafield ind1=" " ind2=" " tag="337">
		<subfield code="b">n</subfield>
		<subfield code="2">rdamedia</subfield>
	</datafield>
	<datafield ind1=" " ind2=" " tag="338">
		<subfield code="b">nc</subfield>
		<subfield code="2">rdacarrier</subfield>
	</datafield>
	<datafield ind1=" " ind2=" " tag="339">
		<subfield code="a">docmaintype_serial</subfield>
	</datafield>
	<datafield ind1="0" ind2=" " tag="362">
		<subfield code="a">1890(1895)-1891/92(1899)</subfield>
	</datafield>
	<datafield ind1=" " ind2=" " tag="580">
		<subfield code="a">Fait suite à : Observations made during the year... at the United States Naval Observatory</subfield>
	</datafield>
	<datafield ind1=" " ind2=" " tag="580">
		<subfield code="a">Devient: Publications of the United States Naval Observatory</subfield>
	</datafield>
	<datafield ind1=" " ind2=" " tag="580">
		<subfield code="a">A pour suppl.: Appendix : a catalogue... observed by U.S. Naval astronomical expedition to the Southern Hemisphere during the years</subfield>
	</datafield>
	<datafield ind1="2" ind2=" " tag="710">
		<subfield code="a">United States.</subfield>
		<subfield code="b">Naval Observatory</subfield>
		<subfield code="0">(IDREF)032910150</subfield>
	</datafield>
	<datafield ind1="1" ind2=" " tag="770">
		<subfield code="t">Appendix : a catalogue... observed by U.S. Naval astronomical expedition to the Southern Hemisphere during the years</subfield>
	</datafield>
	<datafield ind1="1" ind2="0" tag="780">
		<subfield code="t">Observations made during the year... at the United States Naval Observatory</subfield>
		<subfield code="w">REROILS:149</subfield>
	</datafield>
	<datafield ind1="1" ind2="0" tag="785">
		<subfield code="t">Publications of the United States Naval Observatory</subfield>
		<subfield code="w">REROILS:2000111</subfield>
	</datafield>
	<datafield ind1=" " ind2=" " tag="900">
		<subfield code="a">noselfmerge</subfield>
	</datafield>
	<datafield ind1=" " ind2=" " tag="957">
		<subfield code="a">geusob</subfield>
	</datafield>
	<datafield ind1=" " ind2=" " tag="962">
		<subfield code="a">nebpun</subfield>
	</datafield>
	<datafield ind1=" " ind2=" " tag="982">
		<subfield code="2">ge-usob</subfield>
		<subfield code="a">73/140</subfield>
	</datafield>
	<datafield ind1=" " ind2=" " tag="992">
		<subfield code="a">OBSP 153</subfield>
		<subfield code="x">ge/usob/d</subfield>
	</datafield>
	<datafield ind1=" " ind2=" " tag="994">
		<subfield code="a">BPUN PV 164</subfield>
		<subfield code="x">ne/snat/x</subfield>
	</datafield>
</record>