

<record>
	<leader>00676ncs a2200229 a 4500</leader>
	<controlfield tag="001">REROILS:2000016</controlfield>
	<controlfield tag="003">RERO</controlfield>
	<controlfield tag="005">20191122093100.0</controlfield>
	<controlfield tag="008">860501c19769999sz |||m|| ||||  |  |ger d</controlfield>
	<datafield ind1=" " ind2=" " tag="035">
		<subfield code="a">0707223</subfield>
	</datafield>
	<datafield ind1=" " ind2="9" tag="039">
		<subfield code="a">201911220931</subfield>
		<subfield code="b">VLOAD</subfield>
		<subfield code="c">201907051303</subfield>
		<subfield code="d">VLOAD</subfield>
		<subfield code="c">201705161325</subfield>
		<subfield code="d">VLOAD</subfield>
		<subfield code="c">200812210626</subfield>
		<subfield code="d">VLOAD</subfield>
		<subfield code="y">1999022802290000</subfield>
		<subfield code="z">load</subfield>
	</datafield>
	<datafield ind1=" " ind2=" " tag="040">
		<subfield code="a">RERO frbcuc</subfield>
	</datafield>
	<datafield ind1="0" ind2=" " tag="041">
		<subfield code="a">ger</subfield>
		<subfield code="a">eng</subfield>
	</datafield>
	<datafield ind1=" " ind2="7" tag="072">
		<subfield code="a">s1mu</subfield>
		<subfield code="2">rero</subfield>
	</datafield>
	<datafield ind1="0" ind2="0" tag="245">
		<subfield code="a">Italienische Diminutionslehren =</subfield>
		<subfield code="b">Italian diminution tutors</subfield>
	</datafield>
	<datafield ind1="3" ind2=" " tag="246">
		<subfield code="a">Italian diminution tutors</subfield>
	</datafield>
	<datafield ind1=" " ind2="1" tag="264">
		<subfield code="a">Zürich :</subfield>
		<subfield code="b">Musikverl. zum Pelikan,</subfield>
		<subfield code="c">1976-&gt;</subfield>
	</datafield>
	<datafield ind1=" " ind2=" " tag="300">
		<subfield code="c">31 cm</subfield>
	</datafield>
	<datafield ind1=" " ind2=" " tag="339">
		<subfield code="a">docmaintype_score</subfield>
		<subfield code="b">docsubtype_printed_score</subfield>
	</datafield>
	<datafield ind1=" " ind2=" " tag="900">
		<subfield code="a">noselfmerge</subfield>
	</datafield>
	<datafield ind1=" " ind2=" " tag="956">
		<subfield code="a">frbcuc</subfield>
	</datafield>
	<datafield ind1=" " ind2=" " tag="981">
		<subfield code="2">SM</subfield>
		<subfield code="a">OA</subfield>
	</datafield>
</record>