

<record>
	<leader>00578nas a22002177a 4500</leader>
	<controlfield tag="001">REROILS:2000005</controlfield>
	<controlfield tag="003">RERO</controlfield>
	<controlfield tag="005">20200116230500.0</controlfield>
	<controlfield tag="008">960525u        xx |||m|| ||||0 || 0und d</controlfield>
	<datafield ind1=" " ind2=" " tag="035">
		<subfield code="a">0001211</subfield>
	</datafield>
	<datafield ind1=" " ind2="9" tag="039">
		<subfield code="a">202001162305</subfield>
		<subfield code="b">VLOAD</subfield>
		<subfield code="c">202001162304</subfield>
		<subfield code="d">VLOAD</subfield>
		<subfield code="c">201810041113</subfield>
		<subfield code="d">7370</subfield>
		<subfield code="c">201705151414</subfield>
		<subfield code="d">VLOAD</subfield>
		<subfield code="y">1999022709500000</subfield>
		<subfield code="z">load</subfield>
	</datafield>
	<datafield ind1=" " ind2=" " tag="040">
		<subfield code="a">RERO</subfield>
	</datafield>
	<datafield ind1="0" ind2=" " tag="130">
		<subfield code="a">Saggi.</subfield>
		<subfield code="p">Il Mulino</subfield>
	</datafield>
	<datafield ind1="1" ind2="0" tag="245">
		<subfield code="a">Saggi</subfield>
	</datafield>
	<datafield ind1=" " ind2="1" tag="264">
		<subfield code="a">Bologna :</subfield>
		<subfield code="b">Il Mulino</subfield>
	</datafield>
	<datafield ind1=" " ind2=" " tag="336">
		<subfield code="b">txt</subfield>
		<subfield code="2">rdacontent</subfield>
	</datafield>
	<datafield ind1=" " ind2=" " tag="337">
		<subfield code="b">n</subfield>
		<subfield code="2">rdamedia</subfield>
	</datafield>
	<datafield ind1=" " ind2=" " tag="338">
		<subfield code="b">nc</subfield>
		<subfield code="2">rdacarrier</subfield>
	</datafield>
	<datafield ind1=" " ind2=" " tag="339">
		<subfield code="a">docmaintype_series</subfield>
	</datafield>
	<datafield ind1=" " ind2=" " tag="900">
		<subfield code="a">noselfmerge</subfield>
	</datafield>
	<datafield ind1=" " ind2=" " tag="957">
		<subfield code="a">geulha</subfield>
	</datafield>
</record>