

<record>
	<leader>01531nas a22003737a 4500</leader>
	<controlfield tag="001">REROILS:2000046</controlfield>
	<controlfield tag="003">RERO</controlfield>
	<controlfield tag="005">20200916142600.0</controlfield>
	<controlfield tag="008">960525c        gw |||m|| ||||0 || 0ger d</controlfield>
	<datafield ind1=" " ind2=" " tag="019">
		<subfield code="a">Pas suite BGE</subfield>
		<subfield code="9">jpj/1985</subfield>
	</datafield>
	<datafield ind1=" " ind2=" " tag="022">
		<subfield code="a">0531-7312</subfield>
	</datafield>
	<datafield ind1=" " ind2=" " tag="035">
		<subfield code="a">0039515</subfield>
	</datafield>
	<datafield ind1=" " ind2="9" tag="039">
		<subfield code="a">202009161426</subfield>
		<subfield code="b">VLOAD</subfield>
		<subfield code="c">202001162315</subfield>
		<subfield code="d">VLOAD</subfield>
		<subfield code="c">201705151501</subfield>
		<subfield code="d">VLOAD</subfield>
		<subfield code="c">201110111356</subfield>
		<subfield code="d">8705</subfield>
		<subfield code="y">1999022710510000</subfield>
		<subfield code="z">load</subfield>
	</datafield>
	<datafield ind1=" " ind2=" " tag="040">
		<subfield code="a">RERO</subfield>
	</datafield>
	<datafield ind1=" " ind2="7" tag="072">
		<subfield code="a">s1dr</subfield>
		<subfield code="2">rero</subfield>
	</datafield>
	<datafield ind1="0" ind2="0" tag="245">
		<subfield code="a">Europäische Hochschulschriften.</subfield>
		<subfield code="p">Reihe 2, Rechtswissenschaft =</subfield>
		<subfield code="b">Publications universitaires européennes. Série 2, Sciences juridiques = European university papers. Series 2, Law</subfield>
	</datafield>
	<datafield ind1="3" ind2=" " tag="246">
		<subfield code="a">European university papers.</subfield>
		<subfield code="p">Series 2, Law</subfield>
	</datafield>
	<datafield ind1="3" ind2=" " tag="246">
		<subfield code="a">European university studies.</subfield>
		<subfield code="p">Series 2, Law</subfield>
	</datafield>
	<datafield ind1="3" ind2=" " tag="246">
		<subfield code="a">Publications universitaires européennes.</subfield>
		<subfield code="p">Série 2, Sciences juridiques</subfield>
	</datafield>
	<datafield ind1="3" ind2=" " tag="246">
		<subfield code="a">Publications universitaires européennes.</subfield>
		<subfield code="p">Série 2, Droit</subfield>
	</datafield>
	<datafield ind1=" " ind2="1" tag="264">
		<subfield code="a">Frankfurt a.M. ;</subfield>
		<subfield code="a">Bern [etc.] :</subfield>
		<subfield code="b">P. Lang</subfield>
	</datafield>
	<datafield ind1=" " ind2=" " tag="336">
		<subfield code="b">txt</subfield>
		<subfield code="2">rdacontent</subfield>
	</datafield>
	<datafield ind1=" " ind2=" " tag="337">
		<subfield code="b">n</subfield>
		<subfield code="2">rdamedia</subfield>
	</datafield>
	<datafield ind1=" " ind2=" " tag="338">
		<subfield code="b">nc</subfield>
		<subfield code="2">rdacarrier</subfield>
	</datafield>
	<datafield ind1=" " ind2=" " tag="339">
		<subfield code="a">docmaintype_series</subfield>
	</datafield>
	<datafield ind1=" " ind2=" " tag="500">
		<subfield code="a">En français, le nom de la série est parfois: Série 2, Droit</subfield>
	</datafield>
	<datafield ind1=" " ind2=" " tag="500">
		<subfield code="a">Porte parfois le titre: European university studies</subfield>
	</datafield>
	<datafield ind1=" " ind2=" " tag="900">
		<subfield code="a">noselfmerge</subfield>
	</datafield>
	<datafield ind1=" " ind2=" " tag="903">
		<subfield code="a">tflien</subfield>
		<subfield code="b">0</subfield>
		<subfield code="c">bv80001553</subfield>
	</datafield>
	<datafield ind1=" " ind2=" " tag="933">
		<subfield code="a">bv80001553</subfield>
	</datafield>
	<datafield ind1=" " ind2=" " tag="953">
		<subfield code="a">iftfla iftflu</subfield>
	</datafield>
	<datafield ind1=" " ind2=" " tag="983">
		<subfield code="2">iftfla</subfield>
		<subfield code="a">TFLa</subfield>
	</datafield>
	<datafield ind1=" " ind2=" " tag="983">
		<subfield code="2">iftflu</subfield>
		<subfield code="a">TFLu</subfield>
	</datafield>
</record>