

<record>
	<leader>00688nas a22002417a 4500</leader>
	<controlfield tag="001">REROILS:2000080</controlfield>
	<controlfield tag="003">RERO</controlfield>
	<controlfield tag="005">20190705121200.0</controlfield>
	<controlfield tag="008">090709c00009999be |||m|  ||||0 |  |eng d</controlfield>
	<datafield ind1=" " ind2=" " tag="035">
		<subfield code="a">R005125078</subfield>
	</datafield>
	<datafield ind1=" " ind2="9" tag="039">
		<subfield code="a">201907051212</subfield>
		<subfield code="b">VLOAD</subfield>
		<subfield code="c">201807060046</subfield>
		<subfield code="d">VLOAD</subfield>
		<subfield code="c">201705220809</subfield>
		<subfield code="d">VLOAD</subfield>
		<subfield code="c">201010091047</subfield>
		<subfield code="d">VLOAD</subfield>
		<subfield code="y">200907091741</subfield>
		<subfield code="z">7856</subfield>
	</datafield>
	<datafield ind1=" " ind2=" " tag="040">
		<subfield code="a">RERO geheid</subfield>
	</datafield>
	<datafield ind1=" " ind2=" " tag="044">
		<subfield code="a">sz</subfield>
		<subfield code="c">ch-be</subfield>
	</datafield>
	<datafield ind1=" " ind2="7" tag="072">
		<subfield code="a">s1sp</subfield>
		<subfield code="2">rero</subfield>
	</datafield>
	<datafield ind1="0" ind2=" " tag="130">
		<subfield code="a">Canadian studies.</subfield>
		<subfield code="p">P. Lang</subfield>
	</datafield>
	<datafield ind1="1" ind2="0" tag="245">
		<subfield code="a">Canadian studies</subfield>
	</datafield>
	<datafield ind1=" " ind2="1" tag="264">
		<subfield code="a">Bruxelles ;</subfield>
		<subfield code="a">Bern :</subfield>
		<subfield code="b">P.I.E. Peter Lang</subfield>
	</datafield>
	<datafield ind1=" " ind2=" " tag="336">
		<subfield code="b">txt</subfield>
		<subfield code="2">rdacontent</subfield>
	</datafield>
	<datafield ind1=" " ind2=" " tag="337">
		<subfield code="b">n</subfield>
		<subfield code="2">rdamedia</subfield>
	</datafield>
	<datafield ind1=" " ind2=" " tag="338">
		<subfield code="b">nc</subfield>
		<subfield code="2">rdacarrier</subfield>
	</datafield>
	<datafield ind1=" " ind2=" " tag="339">
		<subfield code="a">docmaintype_series</subfield>
	</datafield>
	<datafield ind1=" " ind2=" " tag="900">
		<subfield code="a">noselfmerge</subfield>
	</datafield>
	<datafield ind1=" " ind2=" " tag="900">
		<subfield code="a">reroslsp</subfield>
	</datafield>
</record>