

<record>
	<leader>03351cas a2200697 a 4500</leader>
	<controlfield tag="001">REROILS:2000051</controlfield>
	<controlfield tag="003">RERO</controlfield>
	<controlfield tag="005">20200712201200.0</controlfield>
	<controlfield tag="008">000725d19512011sz |||p|| ||||0 || 0ger d</controlfield>
	<datafield ind1=" " ind2=" " tag="022">
		<subfield code="a">2235-6207</subfield>
	</datafield>
	<datafield ind1=" " ind2=" " tag="035">
		<subfield code="a">0064188</subfield>
	</datafield>
	<datafield ind1=" " ind2=" " tag="039">
		<subfield code="b">6704</subfield>
	</datafield>
	<datafield ind1=" " ind2="9" tag="039">
		<subfield code="a">202007122012</subfield>
		<subfield code="b">VLOAD</subfield>
		<subfield code="c">201812080916</subfield>
		<subfield code="d">VLOAD</subfield>
		<subfield code="c">201811161902</subfield>
		<subfield code="d">VLOAD</subfield>
		<subfield code="c">201804190811</subfield>
		<subfield code="d">VLOAD</subfield>
		<subfield code="y">1999022711310000</subfield>
		<subfield code="z">load</subfield>
	</datafield>
	<datafield ind1=" " ind2=" " tag="040">
		<subfield code="a">RERO</subfield>
	</datafield>
	<datafield ind1="0" ind2=" " tag="041">
		<subfield code="a">ger</subfield>
		<subfield code="a">fre</subfield>
		<subfield code="a">ita</subfield>
	</datafield>
	<datafield ind1=" " ind2="7" tag="072">
		<subfield code="a">s1td</subfield>
		<subfield code="2">rero</subfield>
	</datafield>
	<datafield ind1="0" ind2="0" tag="245">
		<subfield code="a">Schweizer Theaterjahrbuch /</subfield>
		<subfield code="c">Schweizerische Gesellschaft für Theaterkultur = Annuaire du théâtre suisse / Société suisse du théâtre = Annuario del teatro svizzero / Società svizzera di studi teatrali</subfield>
	</datafield>
	<datafield ind1="3" ind2=" " tag="246">
		<subfield code="a">Annuario del teatro svizzero</subfield>
	</datafield>
	<datafield ind1="3" ind2=" " tag="246">
		<subfield code="a">Schweizer Theater-Jahrbuch</subfield>
	</datafield>
	<datafield ind1="3" ind2=" " tag="246">
		<subfield code="a">Annuaire du théâtre suisse</subfield>
	</datafield>
	<datafield ind1="3" ind2=" " tag="246">
		<subfield code="a">Schweizerische Bibliographie des Theaters</subfield>
	</datafield>
	<datafield ind1="3" ind2=" " tag="246">
		<subfield code="a">Bibliographie suisse du théâtre</subfield>
	</datafield>
	<datafield ind1="3" ind2=" " tag="246">
		<subfield code="a">Annuaire suisse du théâtre</subfield>
	</datafield>
	<datafield ind1="3" ind2=" " tag="246">
		<subfield code="a">Annuaire / Société suisse du théâtre</subfield>
	</datafield>
	<datafield ind1="3" ind2=" " tag="246">
		<subfield code="a">Theaterjahrbuch</subfield>
	</datafield>
	<datafield ind1="3" ind2=" " tag="246">
		<subfield code="a">Annuario / Società svizzera di studi teatrali</subfield>
	</datafield>
	<datafield ind1=" " ind2="1" tag="264">
		<subfield code="a">Lieux divers</subfield>
	</datafield>
	<datafield ind1=" " ind2=" " tag="336">
		<subfield code="b">txt</subfield>
		<subfield code="2">rdacontent</subfield>
	</datafield>
	<datafield ind1=" " ind2=" " tag="337">
		<subfield code="b">n</subfield>
		<subfield code="2">rdamedia</subfield>
	</datafield>
	<datafield ind1=" " ind2=" " tag="338">
		<subfield code="b">nc</subfield>
		<subfield code="2">rdacarrier</subfield>
	</datafield>
	<datafield ind1=" " ind2=" " tag="339">
		<subfield code="a">docmaintype_serial</subfield>
	</datafield>
	<datafield ind1="0" ind2=" " tag="362">
		<subfield code="a">20(1951/52)-72(2011)</subfield>
	</datafield>
	<datafield ind1=" " ind2=" " tag="500">
		<subfield code="a">Le titre en français est également : Annuaire suisse du théâtre</subfield>
	</datafield>
	<datafield ind1=" " ind2=" " tag="500">
		<subfield code="a">Autres formes du titre: Annuaire / Société suisse du théâtre = Theaterjahrbuch / Schweizerische Gesellschaft für Theaterkultur = Annuario / Società svizzera di studi teatrali</subfield>
	</datafield>
	<datafield ind1=" " ind2=" " tag="500">
		<subfield code="a">Contient jusqu'au 38-39(1975) : Schweizerische Bibliographie des Theaters = Bibliographie suisse du théâtre</subfield>
	</datafield>
	<datafield ind1="8" ind2=" " tag="520">
		<subfield code="a">Analyse: Concerne notamment le canton de Vaud.</subfield>
		<subfield code="9">18.10.1988/labcur/cgi</subfield>
	</datafield>
	<datafield ind1=" " ind2=" " tag="580">
		<subfield code="a">Fait suite à: Jahrbuch der Gesellschaft für schweizerische Theaterkultur</subfield>
	</datafield>
	<datafield ind1=" " ind2=" " tag="580">
		<subfield code="a">Enthält: Schweizer Theater-Almanach, Bd.8-</subfield>
	</datafield>
	<datafield ind1=" " ind2=" " tag="580">
		<subfield code="a">Absorbé par: Mimos</subfield>
	</datafield>
	<datafield ind1="2" ind2="7" tag="610">
		<subfield code="a">Société suisse du théâtre (Suisse)</subfield>
		<subfield code="2">rero</subfield>
	</datafield>
	<datafield ind1=" " ind2="7" tag="650">
		<subfield code="a">Théâtre</subfield>
		<subfield code="2">rero</subfield>
	</datafield>
	<datafield ind1=" " ind2="7" tag="650">
		<subfield code="a">Théâtre (genre littéraire) suisse</subfield>
		<subfield code="2">rero</subfield>
	</datafield>
	<datafield ind1=" " ind2="7" tag="651">
		<subfield code="a">Suisse</subfield>
		<subfield code="2">rero</subfield>
		<subfield code="0">(IDREF)027249654</subfield>
	</datafield>
	<datafield ind1=" " ind2="7" tag="655">
		<subfield code="a">[Périodiques]</subfield>
		<subfield code="2">rero</subfield>
	</datafield>
	<datafield ind1="2" ind2=" " tag="710">
		<subfield code="a">Société suisse du théâtre</subfield>
		<subfield code="0">(IDREF)029033616</subfield>
	</datafield>
	<datafield ind1="1" ind2=" " tag="777">
		<subfield code="t">Schweizer Theater-Almanach</subfield>
		<subfield code="w">REROILS:2000115</subfield>
	</datafield>
	<datafield ind1="1" ind2="0" tag="780">
		<subfield code="t">Jahrbuch der Gesellschaft für Schweizerische Theaterkultur</subfield>
		<subfield code="w">REROILS:2000114</subfield>
	</datafield>
	<datafield ind1="1" ind2="0" tag="785">
		<subfield code="t">Mimos : Zeitschrift der Schweizerischen Gesellschaft für Theaterkultur = bulletin de la Société suisse du théâtre = bollettino della Società svizzera di studi teatrali</subfield>
		<subfield code="w">REROILS:11</subfield>
	</datafield>
	<datafield ind1=" " ind2=" " tag="900">
		<subfield code="a">noselfmerge</subfield>
	</datafield>
	<datafield ind1=" " ind2=" " tag="902">
		<subfield code="a">baap</subfield>
	</datafield>
	<datafield ind1=" " ind2=" " tag="919">
		<subfield code="9">610 27</subfield>
		<subfield code="a">Société suisse du théâtre (Suisse)</subfield>
		<subfield code="v">[périodique]</subfield>
		<subfield code="2">chrero</subfield>
	</datafield>
	<datafield ind1=" " ind2=" " tag="919">
		<subfield code="9">650 _7</subfield>
		<subfield code="a">théâtre</subfield>
		<subfield code="v">[périodique]</subfield>
		<subfield code="2">chrero</subfield>
	</datafield>
	<datafield ind1=" " ind2=" " tag="919">
		<subfield code="9">650 _7</subfield>
		<subfield code="a">théâtre</subfield>
		<subfield code="z">Suisse</subfield>
		<subfield code="v">[périodique]</subfield>
		<subfield code="2">chrero</subfield>
	</datafield>
	<datafield ind1=" " ind2=" " tag="919">
		<subfield code="9">650 _7</subfield>
		<subfield code="a">théâtre suisse</subfield>
		<subfield code="v">[périodique]</subfield>
		<subfield code="2">chrero</subfield>
	</datafield>
	<datafield ind1=" " ind2=" " tag="956">
		<subfield code="a">frbcuc</subfield>
	</datafield>
	<datafield ind1=" " ind2=" " tag="957">
		<subfield code="a">geudbu gevbmu</subfield>
	</datafield>
	<datafield ind1=" " ind2=" " tag="962">
		<subfield code="a">nebpun neubfl</subfield>
	</datafield>
	<datafield ind1=" " ind2=" " tag="973">
		<subfield code="a">vsbcvs</subfield>
	</datafield>
	<datafield ind1=" " ind2=" " tag="992">
		<subfield code="a">BFLA 4602</subfield>
		<subfield code="x">ge/ulfr/a/85</subfield>
	</datafield>
	<datafield ind1=" " ind2=" " tag="994">
		<subfield code="a">NP PU 3116</subfield>
		<subfield code="x">ne/bpun/a 44(1981)-&gt; [L'Année en cours au Cabinet des périod., case 7.26.]</subfield>
	</datafield>
</record>