

<record>
	<leader>00606njs a22002297a 4500</leader>
	<controlfield tag="001">REROILS:2000027</controlfield>
	<controlfield tag="003">RERO</controlfield>
	<controlfield tag="005">20201019182600.0</controlfield>
	<controlfield tag="007">s|</controlfield>
	<controlfield tag="008">950215u        xx |||m|| ||||  |  |und d</controlfield>
	<datafield ind1=" " ind2=" " tag="035">
		<subfield code="a">1980045</subfield>
	</datafield>
	<datafield ind1=" " ind2=" " tag="039">
		<subfield code="b">8215</subfield>
	</datafield>
	<datafield ind1=" " ind2="9" tag="039">
		<subfield code="a">202010191826</subfield>
		<subfield code="b">VLOAD</subfield>
		<subfield code="c">201705171718</subfield>
		<subfield code="d">VLOAD</subfield>
		<subfield code="c">200605291423</subfield>
		<subfield code="d">VLOAD</subfield>
		<subfield code="y">1999030108270000</subfield>
		<subfield code="z">load</subfield>
	</datafield>
	<datafield ind1=" " ind2=" " tag="040">
		<subfield code="a">RERO labcur</subfield>
	</datafield>
	<datafield ind1="0" ind2="4" tag="245">
		<subfield code="a">The classic sound</subfield>
	</datafield>
	<datafield ind1=" " ind2="1" tag="264">
		<subfield code="a">[Lieu de publication non identifié] :</subfield>
		<subfield code="b">Decca</subfield>
	</datafield>
	<datafield ind1=" " ind2=" " tag="336">
		<subfield code="b">prm</subfield>
		<subfield code="2">rdacontent</subfield>
	</datafield>
	<datafield ind1=" " ind2=" " tag="337">
		<subfield code="b">s</subfield>
		<subfield code="2">rdamedia</subfield>
	</datafield>
	<datafield ind1=" " ind2=" " tag="338">
		<subfield code="b">sd</subfield>
		<subfield code="2">rdacarrier</subfield>
	</datafield>
	<datafield ind1=" " ind2=" " tag="339">
		<subfield code="a">docmaintype_audio</subfield>
		<subfield code="b">docsubtype_music</subfield>
	</datafield>
	<datafield ind1=" " ind2=" " tag="900">
		<subfield code="a">noselfmerge</subfield>
	</datafield>
	<datafield ind1=" " ind2=" " tag="900">
		<subfield code="a">reroslsp</subfield>
	</datafield>
</record>