

<record>
	<leader>01768cas a2200529 a 4500</leader>
	<controlfield tag="001">REROILS:2000052</controlfield>
	<controlfield tag="003">RERO</controlfield>
	<controlfield tag="005">20200712163800.0</controlfield>
	<controlfield tag="008">970311c19469999fr |||p|| ||||0 || 0fre d</controlfield>
	<datafield ind1=" " ind2=" " tag="019">
		<subfield code="a">Notices analytiques</subfield>
		<subfield code="9">geufpe/11.2002</subfield>
	</datafield>
	<datafield ind1=" " ind2=" " tag="022">
		<subfield code="a">0011-1600</subfield>
	</datafield>
	<datafield ind1=" " ind2=" " tag="035">
		<subfield code="a">0055430</subfield>
	</datafield>
	<datafield ind1=" " ind2=" " tag="039">
		<subfield code="b">4704</subfield>
		<subfield code="b">9400c</subfield>
	</datafield>
	<datafield ind1=" " ind2="9" tag="039">
		<subfield code="a">202007121638</subfield>
		<subfield code="b">VLOAD</subfield>
		<subfield code="c">201907051156</subfield>
		<subfield code="d">VLOAD</subfield>
		<subfield code="c">201905281412</subfield>
		<subfield code="d">4950</subfield>
		<subfield code="c">201905081501</subfield>
		<subfield code="d">1548</subfield>
		<subfield code="y">1999022711170000</subfield>
		<subfield code="z">load</subfield>
	</datafield>
	<datafield ind1=" " ind2=" " tag="040">
		<subfield code="a">RERO</subfield>
	</datafield>
	<datafield ind1=" " ind2="7" tag="072">
		<subfield code="a">s1lc</subfield>
		<subfield code="2">rero</subfield>
	</datafield>
	<datafield ind1="0" ind2=" " tag="130">
		<subfield code="a">Critique.</subfield>
		<subfield code="p">Ed. de Minuit.</subfield>
		<subfield code="p">Revue</subfield>
	</datafield>
	<datafield ind1="1" ind2="0" tag="245">
		<subfield code="a">Critique :</subfield>
		<subfield code="b">revue générale des publications françaises et étrangères</subfield>
	</datafield>
	<datafield ind1=" " ind2="1" tag="264">
		<subfield code="a">Paris :</subfield>
		<subfield code="b">Ed. de Minuit,</subfield>
		<subfield code="c">1946-&gt;</subfield>
	</datafield>
	<datafield ind1=" " ind2=" " tag="300">
		<subfield code="c">22 cm</subfield>
	</datafield>
	<datafield ind1=" " ind2=" " tag="336">
		<subfield code="b">txt</subfield>
		<subfield code="2">rdacontent</subfield>
	</datafield>
	<datafield ind1=" " ind2=" " tag="337">
		<subfield code="b">n</subfield>
		<subfield code="2">rdamedia</subfield>
	</datafield>
	<datafield ind1=" " ind2=" " tag="338">
		<subfield code="b">nc</subfield>
		<subfield code="2">rdacarrier</subfield>
	</datafield>
	<datafield ind1=" " ind2=" " tag="339">
		<subfield code="a">docmaintype_serial</subfield>
	</datafield>
	<datafield ind1="0" ind2=" " tag="362">
		<subfield code="a">Année 1(1946)-&gt;</subfield>
	</datafield>
	<datafield ind1=" " ind2="7" tag="650">
		<subfield code="a">Littérature</subfield>
		<subfield code="2">rero</subfield>
	</datafield>
	<datafield ind1=" " ind2="7" tag="650">
		<subfield code="a">Culture</subfield>
		<subfield code="2">rero</subfield>
	</datafield>
	<datafield ind1=" " ind2="7" tag="655">
		<subfield code="a">[Périodiques]</subfield>
		<subfield code="2">rero</subfield>
	</datafield>
	<datafield ind1=" " ind2=" " tag="900">
		<subfield code="a">noselfmerge</subfield>
	</datafield>
	<datafield ind1=" " ind2=" " tag="919">
		<subfield code="9">650 _7</subfield>
		<subfield code="a">littérature</subfield>
		<subfield code="v">[périodique]</subfield>
		<subfield code="2">chrero</subfield>
	</datafield>
	<datafield ind1=" " ind2=" " tag="919">
		<subfield code="9">650 _7</subfield>
		<subfield code="a">culture</subfield>
		<subfield code="v">[périodique]</subfield>
		<subfield code="2">chrero</subfield>
	</datafield>
	<datafield ind1=" " ind2=" " tag="956">
		<subfield code="a">frbcuc</subfield>
	</datafield>
	<datafield ind1=" " ind2=" " tag="957">
		<subfield code="a">gehead geulfr gevbge</subfield>
	</datafield>
	<datafield ind1=" " ind2=" " tag="960">
		<subfield code="a">juaaeb jubicj</subfield>
	</datafield>
	<datafield ind1=" " ind2=" " tag="962">
		<subfield code="a">necfbv neubfl neueth</subfield>
	</datafield>
	<datafield ind1=" " ind2=" " tag="973">
		<subfield code="a">vsbcvs vsbasm</subfield>
	</datafield>
	<datafield ind1=" " ind2=" " tag="982">
		<subfield code="2">twse</subfield>
		<subfield code="a">philosophie</subfield>
	</datafield>
	<datafield ind1=" " ind2=" " tag="982">
		<subfield code="2">twse</subfield>
		<subfield code="a">littérature</subfield>
	</datafield>
	<datafield ind1=" " ind2=" " tag="982">
		<subfield code="2">twse</subfield>
		<subfield code="a">histoire</subfield>
	</datafield>
	<datafield ind1=" " ind2=" " tag="982">
		<subfield code="2">ge-ulfr</subfield>
		<subfield code="a">REV/CRI</subfield>
	</datafield>
	<datafield ind1=" " ind2=" " tag="992">
		<subfield code="a">FLZ 2046</subfield>
		<subfield code="x">ge/ulfr/a/flz2046</subfield>
	</datafield>
	<datafield ind1=" " ind2=" " tag="992">
		<subfield code="a">BFLP 435</subfield>
		<subfield code="x">ge/ulfr/a/flz2046</subfield>
	</datafield>
	<datafield ind1=" " ind2=" " tag="992">
		<subfield code="a">BGE RB 1045</subfield>
		<subfield code="x">ge/vbge/a</subfield>
	</datafield>
	<datafield ind1=" " ind2=" " tag="992">
		<subfield code="a">BGE RB 1045</subfield>
		<subfield code="x">ge/vbge/a/48/2062</subfield>
	</datafield>
	<datafield ind1=" " ind2=" " tag="994">
		<subfield code="a">BPUN PU 412</subfield>
		<subfield code="x">ne/bpun/a</subfield>
	</datafield>
	<datafield ind1=" " ind2=" " tag="994">
		<subfield code="a">NET GV 228</subfield>
		<subfield code="x">ne/ueie/a No 189(1963) No 195-196(1963, reprint 1991) No 394(1980) No 456(1985)</subfield>
	</datafield>
	<datafield ind1=" " ind2=" " tag="994">
		<subfield code="a">NELP 400</subfield>
		<subfield code="x">ne/ubfl/a [Prêt exclu] 272(1970) - 284(1971) 322(1974) 368(1978) - 487(1987)</subfield>
	</datafield>
</record>