

<record>
	<leader>00767nas a22002657a 4500</leader>
	<controlfield tag="001">REROILS:2000001</controlfield>
	<controlfield tag="003">RERO</controlfield>
	<controlfield tag="005">20170517172000.0</controlfield>
	<controlfield tag="008">000913u        xx |||m|| ||||0 || 0und d</controlfield>
	<datafield ind1=" " ind2=" " tag="019">
		<subfield code="a">Ne pas tenir compte des sous-séries</subfield>
		<subfield code="9">nebpun/11.1997/3301</subfield>
	</datafield>
	<datafield ind1=" " ind2=" " tag="022">
		<subfield code="a">1269-7788</subfield>
	</datafield>
	<datafield ind1=" " ind2=" " tag="035">
		<subfield code="a">2106053</subfield>
	</datafield>
	<datafield ind1=" " ind2=" " tag="039">
		<subfield code="b">3301</subfield>
	</datafield>
	<datafield ind1=" " ind2="9" tag="039">
		<subfield code="a">201705171720</subfield>
		<subfield code="b">VLOAD</subfield>
		<subfield code="c">200605292201</subfield>
		<subfield code="d">VLOAD</subfield>
		<subfield code="c">200410131256</subfield>
		<subfield code="d">VLOAD</subfield>
		<subfield code="c">200009131337</subfield>
		<subfield code="d">VLOAD</subfield>
		<subfield code="y">1999030112320000</subfield>
		<subfield code="z">load</subfield>
	</datafield>
	<datafield ind1=" " ind2=" " tag="040">
		<subfield code="a">RERO frbcuc</subfield>
	</datafield>
	<datafield ind1="0" ind2="0" tag="245">
		<subfield code="a">Collection major bac</subfield>
	</datafield>
	<datafield ind1="3" ind2=" " tag="246">
		<subfield code="a">Major bac</subfield>
	</datafield>
	<datafield ind1=" " ind2="1" tag="264">
		<subfield code="a">Paris :</subfield>
		<subfield code="b">Presses universitaires de France</subfield>
	</datafield>
	<datafield ind1=" " ind2=" " tag="336">
		<subfield code="b">txt</subfield>
		<subfield code="2">rdacontent</subfield>
	</datafield>
	<datafield ind1=" " ind2=" " tag="337">
		<subfield code="b">n</subfield>
		<subfield code="2">rdamedia</subfield>
	</datafield>
	<datafield ind1=" " ind2=" " tag="338">
		<subfield code="b">nc</subfield>
		<subfield code="2">rdacarrier</subfield>
	</datafield>
	<datafield ind1=" " ind2=" " tag="339">
		<subfield code="a">docmaintype_series</subfield>
	</datafield>
	<datafield ind1=" " ind2=" " tag="900">
		<subfield code="a">noselfmerge</subfield>
	</datafield>
	<datafield ind1=" " ind2=" " tag="900">
		<subfield code="a">reroslsp</subfield>
	</datafield>
	<datafield ind1=" " ind2=" " tag="962">
		<subfield code="a">nebpun nebpup</subfield>
	</datafield>
</record>