

<record>
	<leader>01270cas a2200409 a 4500</leader>
	<controlfield tag="001">REROILS:2000043</controlfield>
	<controlfield tag="003">RERO</controlfield>
	<controlfield tag="005">20200712130600.0</controlfield>
	<controlfield tag="008">890123c19459999fr |||p|| ||||0 || 0fre d</controlfield>
	<datafield ind1=" " ind2=" " tag="022">
		<subfield code="a">0151-0282</subfield>
	</datafield>
	<datafield ind1=" " ind2=" " tag="035">
		<subfield code="a">1068374</subfield>
	</datafield>
	<datafield ind1=" " ind2="9" tag="039">
		<subfield code="a">202007121306</subfield>
		<subfield code="b">VLOAD</subfield>
		<subfield code="c">201912082302</subfield>
		<subfield code="d">VLOAD</subfield>
		<subfield code="c">201910030954</subfield>
		<subfield code="d">7221</subfield>
		<subfield code="c">201907051334</subfield>
		<subfield code="d">VLOAD</subfield>
		<subfield code="y">1999022810560000</subfield>
		<subfield code="z">load</subfield>
	</datafield>
	<datafield ind1=" " ind2=" " tag="040">
		<subfield code="a">RERO frbcuc</subfield>
	</datafield>
	<datafield ind1=" " ind2="7" tag="072">
		<subfield code="a">s1sg</subfield>
		<subfield code="2">rero</subfield>
	</datafield>
	<datafield ind1=" " ind2="7" tag="072">
		<subfield code="a">s2bi</subfield>
		<subfield code="2">rero</subfield>
	</datafield>
	<datafield ind1="0" ind2=" " tag="130">
		<subfield code="a">Science et vie.</subfield>
		<subfield code="p">Excelsior Publications.</subfield>
		<subfield code="p">Hors série</subfield>
	</datafield>
	<datafield ind1="1" ind2="0" tag="245">
		<subfield code="a">Science &amp; vie.</subfield>
		<subfield code="p">Hors série</subfield>
	</datafield>
	<datafield ind1="3" ind2=" " tag="246">
		<subfield code="a">Science et vie.</subfield>
		<subfield code="p">Hors série</subfield>
	</datafield>
	<datafield ind1=" " ind2="1" tag="264">
		<subfield code="a">Paris :</subfield>
		<subfield code="b">Excelsior Publications</subfield>
	</datafield>
	<datafield ind1=" " ind2=" " tag="300">
		<subfield code="c">24 cm</subfield>
	</datafield>
	<datafield ind1=" " ind2=" " tag="336">
		<subfield code="b">txt</subfield>
		<subfield code="2">rdacontent</subfield>
	</datafield>
	<datafield ind1=" " ind2=" " tag="337">
		<subfield code="b">n</subfield>
		<subfield code="2">rdamedia</subfield>
	</datafield>
	<datafield ind1=" " ind2=" " tag="338">
		<subfield code="b">nc</subfield>
		<subfield code="2">rdacarrier</subfield>
	</datafield>
	<datafield ind1=" " ind2=" " tag="339">
		<subfield code="a">docmaintype_serial</subfield>
	</datafield>
	<datafield ind1="0" ind2=" " tag="362">
		<subfield code="a">No 1(1945)-</subfield>
	</datafield>
	<datafield ind1=" " ind2=" " tag="500">
		<subfield code="a">Trimestriel</subfield>
	</datafield>
	<datafield ind1=" " ind2=" " tag="900">
		<subfield code="a">noselfmerge</subfield>
	</datafield>
	<datafield ind1=" " ind2=" " tag="902">
		<subfield code="a">gevmhn</subfield>
		<subfield code="b">2005/07</subfield>
		<subfield code="c">980</subfield>
	</datafield>
	<datafield ind1=" " ind2=" " tag="956">
		<subfield code="a">frbcuc</subfield>
	</datafield>
	<datafield ind1=" " ind2=" " tag="957">
		<subfield code="a">geucmu gevmhn</subfield>
	</datafield>
	<datafield ind1=" " ind2=" " tag="960">
		<subfield code="a">jubmda jucsch</subfield>
	</datafield>
	<datafield ind1=" " ind2=" " tag="962">
		<subfield code="a">nebpun necfbv neueth njhep-</subfield>
	</datafield>
	<datafield ind1=" " ind2=" " tag="973">
		<subfield code="a">vsbcvs</subfield>
	</datafield>
	<datafield ind1=" " ind2=" " tag="982">
		<subfield code="2">ge-vmhn</subfield>
		<subfield code="a">BG 1 Fra 120BIS</subfield>
	</datafield>
	<datafield ind1=" " ind2=" " tag="992">
		<subfield code="a">MHN BG P</subfield>
		<subfield code="x">ge/vmhn/d/2005</subfield>
	</datafield>
	<datafield ind1=" " ind2=" " tag="994">
		<subfield code="a">NP PU 454.1</subfield>
		<subfield code="x">ne/bpun/a 8(1949)-&gt; [Manquent: no 9, 11, 13-14.] [Les dern. nos au Cabinet des périod., K 27.]</subfield>
	</datafield>
	<datafield ind1=" " ind2=" " tag="994">
		<subfield code="a">NET GM 23</subfield>
		<subfield code="x">ne/ueme/w 1949</subfield>
	</datafield>
</record>