

<record>
	<leader>00530ncs a22001817a 4500</leader>
	<controlfield tag="001">REROILS:2000040</controlfield>
	<controlfield tag="003">RERO</controlfield>
	<controlfield tag="005">20170517173300.0</controlfield>
	<controlfield tag="008">940526         xxu|||m|| ||||  |  |und d</controlfield>
	<datafield ind1=" " ind2=" " tag="035">
		<subfield code="a">1857358</subfield>
	</datafield>
	<datafield ind1=" " ind2="9" tag="039">
		<subfield code="a">201705171733</subfield>
		<subfield code="b">VLOAD</subfield>
		<subfield code="c">200605290708</subfield>
		<subfield code="d">VLOAD</subfield>
		<subfield code="c">200511111431</subfield>
		<subfield code="d">1000</subfield>
		<subfield code="y">1999030105320000</subfield>
		<subfield code="z">load</subfield>
	</datafield>
	<datafield ind1=" " ind2=" " tag="040">
		<subfield code="a">RERO labcur</subfield>
	</datafield>
	<datafield ind1="0" ind2="0" tag="245">
		<subfield code="a">Music for Brass</subfield>
	</datafield>
	<datafield ind1=" " ind2="1" tag="264">
		<subfield code="a">North Easton Mass. :</subfield>
		<subfield code="b">R. King Music</subfield>
	</datafield>
	<datafield ind1=" " ind2=" " tag="339">
		<subfield code="a">docmaintype_score</subfield>
		<subfield code="b">docsubtype_printed_score</subfield>
	</datafield>
	<datafield ind1=" " ind2=" " tag="900">
		<subfield code="a">noselfmerge</subfield>
	</datafield>
	<datafield ind1=" " ind2=" " tag="900">
		<subfield code="a">reroslsp</subfield>
	</datafield>
</record>