

<record>
	<leader>01883cas a2200529 a 4500</leader>
	<controlfield tag="001">REROILS:2000063</controlfield>
	<controlfield tag="003">RERO</controlfield>
	<controlfield tag="005">20200712095100.0</controlfield>
	<controlfield tag="008">961006c19609999sz |||p|| ||||0 || 0ita d</controlfield>
	<datafield ind1=" " ind2=" " tag="019">
		<subfield code="a">Notices analytiques!!!</subfield>
		<subfield code="9">07.04.1994/tibrlm/saa</subfield>
	</datafield>
	<datafield ind1=" " ind2=" " tag="022">
		<subfield code="a">0004-0371</subfield>
	</datafield>
	<datafield ind1=" " ind2=" " tag="035">
		<subfield code="a">0096663</subfield>
	</datafield>
	<datafield ind1=" " ind2="9" tag="039">
		<subfield code="a">202007120951</subfield>
		<subfield code="b">VLOAD</subfield>
		<subfield code="c">201907051211</subfield>
		<subfield code="d">VLOAD</subfield>
		<subfield code="c">201903061549</subfield>
		<subfield code="d">6217</subfield>
		<subfield code="c">201811161916</subfield>
		<subfield code="d">VLOAD</subfield>
		<subfield code="y">1999022712240000</subfield>
		<subfield code="z">load</subfield>
	</datafield>
	<datafield ind1=" " ind2=" " tag="040">
		<subfield code="a">RERO</subfield>
	</datafield>
	<datafield ind1=" " ind2=" " tag="044">
		<subfield code="a">sz</subfield>
		<subfield code="c">ch-ti</subfield>
	</datafield>
	<datafield ind1=" " ind2="7" tag="072">
		<subfield code="a">s1hg</subfield>
		<subfield code="2">rero</subfield>
	</datafield>
	<datafield ind1="0" ind2="0" tag="245">
		<subfield code="a">Archivio storico ticinese /</subfield>
		<subfield code="c">[rivista fondata da Virgilio Gilardoni]</subfield>
	</datafield>
	<datafield ind1=" " ind2="1" tag="264">
		<subfield code="a">Bellinzona :</subfield>
		<subfield code="b">Archivio storico ticinese ;</subfield>
		<subfield code="a">[poi] Casagrande,</subfield>
		<subfield code="c">1960-</subfield>
	</datafield>
	<datafield ind1=" " ind2=" " tag="300">
		<subfield code="c">28, 24 cm</subfield>
	</datafield>
	<datafield ind1=" " ind2=" " tag="310">
		<subfield code="a">Trimestriel, puis semestriel</subfield>
	</datafield>
	<datafield ind1=" " ind2=" " tag="336">
		<subfield code="b">txt</subfield>
		<subfield code="2">rdacontent</subfield>
	</datafield>
	<datafield ind1=" " ind2=" " tag="337">
		<subfield code="b">n</subfield>
		<subfield code="2">rdamedia</subfield>
	</datafield>
	<datafield ind1=" " ind2=" " tag="338">
		<subfield code="b">nc</subfield>
		<subfield code="2">rdacarrier</subfield>
	</datafield>
	<datafield ind1=" " ind2=" " tag="339">
		<subfield code="a">docmaintype_serial</subfield>
	</datafield>
	<datafield ind1="0" ind2=" " tag="362">
		<subfield code="a">Anno 1, n. 1(1960) - anno 27, n. 107/108(1986) ; serie 2, anno 28, n. 109(giugno 1991)-</subfield>
	</datafield>
	<datafield ind1=" " ind2="7" tag="651">
		<subfield code="a">Ticino (Suisse, canton)</subfield>
		<subfield code="2">rero</subfield>
	</datafield>
	<datafield ind1=" " ind2="7" tag="655">
		<subfield code="a">[Périodiques]</subfield>
		<subfield code="2">rero</subfield>
	</datafield>
	<datafield ind1="1" ind2=" " tag="700">
		<subfield code="a">Gilardoni, Virgilio</subfield>
	</datafield>
	<datafield ind1=" " ind2=" " tag="900">
		<subfield code="a">noselfmerge</subfield>
	</datafield>
	<datafield ind1=" " ind2=" " tag="902">
		<subfield code="a">baap</subfield>
	</datafield>
	<datafield ind1=" " ind2=" " tag="906">
		<subfield code="a">bibliogrvs</subfield>
	</datafield>
	<datafield ind1=" " ind2=" " tag="906">
		<subfield code="a">bvs</subfield>
	</datafield>
	<datafield ind1=" " ind2=" " tag="919">
		<subfield code="9">651 _7</subfield>
		<subfield code="a">Ticino (Suisse, canton)</subfield>
		<subfield code="v">[périodique]</subfield>
		<subfield code="2">chrero</subfield>
	</datafield>
	<datafield ind1=" " ind2=" " tag="956">
		<subfield code="a">frbcuc</subfield>
	</datafield>
	<datafield ind1=" " ind2=" " tag="957">
		<subfield code="a">geubfd geuses gevbaa gevbge</subfield>
	</datafield>
	<datafield ind1=" " ind2=" " tag="962">
		<subfield code="a">nebpun</subfield>
	</datafield>
	<datafield ind1=" " ind2=" " tag="973">
		<subfield code="a">vsarch vsbcvs</subfield>
	</datafield>
	<datafield ind1=" " ind2=" " tag="982">
		<subfield code="2">dr-geubfd</subfield>
		<subfield code="a">CA/CH-TI 87.0 e COSG 2007</subfield>
	</datafield>
	<datafield ind1=" " ind2=" " tag="982">
		<subfield code="2">dew-geuses</subfield>
		<subfield code="a">304.8 ARC</subfield>
	</datafield>
	<datafield ind1=" " ind2=" " tag="986">
		<subfield code="2">bibvs</subfield>
		<subfield code="a">Valais - Economie alpestre - Généralités - Valais</subfield>
	</datafield>
	<datafield ind1=" " ind2=" " tag="986">
		<subfield code="2">bibvs</subfield>
		<subfield code="a">Wallis - Allgemeines - Wallis</subfield>
	</datafield>
	<datafield ind1=" " ind2=" " tag="986">
		<subfield code="2">vs-bib-sys</subfield>
		<subfield code="a">1185-0517-001-001-000</subfield>
	</datafield>
	<datafield ind1=" " ind2=" " tag="992">
		<subfield code="a">SESB 6059</subfield>
		<subfield code="x">ge/uses/a/93/336</subfield>
	</datafield>
	<datafield ind1=" " ind2=" " tag="992">
		<subfield code="a">BGE RB 1868</subfield>
		<subfield code="x">ge/vbge/a</subfield>
	</datafield>
	<datafield ind1=" " ind2=" " tag="992">
		<subfield code="a">BGE RB 1868</subfield>
		<subfield code="x">ge/vbge/a/79/2379</subfield>
	</datafield>
	<datafield ind1=" " ind2=" " tag="992">
		<subfield code="a">BAA PER Q 502</subfield>
		<subfield code="x">ge/vbaa/w/</subfield>
	</datafield>
	<datafield ind1=" " ind2=" " tag="994">
		<subfield code="a">NP PU 1075</subfield>
		<subfield code="x">ne/bpun/e Serie 1, no. 1(1960)-&gt; [Les 2 dern. nos au Cabinet des périod., case 94.12.]</subfield>
	</datafield>
</record>