

<record>
	<leader>01049cas a22003257a 4500</leader>
	<controlfield tag="001">REROILS:2000030</controlfield>
	<controlfield tag="003">RERO</controlfield>
	<controlfield tag="005">20170610202000.0</controlfield>
	<controlfield tag="008">001224u        gw |||m|| ||||0 || 0und d</controlfield>
	<datafield ind1=" " ind2=" " tag="035">
		<subfield code="a">1466253</subfield>
	</datafield>
	<datafield ind1=" " ind2=" " tag="039">
		<subfield code="b">0053c</subfield>
	</datafield>
	<datafield ind1=" " ind2="9" tag="039">
		<subfield code="a">201706102020</subfield>
		<subfield code="b">VLOAD</subfield>
		<subfield code="c">200812221056</subfield>
		<subfield code="d">VLOAD</subfield>
		<subfield code="c">200605280605</subfield>
		<subfield code="d">VLOAD</subfield>
		<subfield code="c">200410130940</subfield>
		<subfield code="d">VLOAD</subfield>
		<subfield code="y">1999022820150000</subfield>
		<subfield code="z">load</subfield>
	</datafield>
	<datafield ind1=" " ind2=" " tag="040">
		<subfield code="a">RERO geulsa</subfield>
	</datafield>
	<datafield ind1=" " ind2="7" tag="072">
		<subfield code="a">s1ar</subfield>
		<subfield code="2">rero</subfield>
	</datafield>
	<datafield ind1=" " ind2="7" tag="072">
		<subfield code="a">s2or</subfield>
		<subfield code="2">rero</subfield>
	</datafield>
	<datafield ind1="0" ind2="0" tag="245">
		<subfield code="a">Ausgrabungen in Uruk-Warka.</subfield>
		<subfield code="p">Endberichte /</subfield>
		<subfield code="c">Deutsches Archäologisches Institut, Abteilung Baghdad</subfield>
	</datafield>
	<datafield ind1=" " ind2="1" tag="264">
		<subfield code="a">Mainz am Rh. :</subfield>
		<subfield code="b">P. von Zabern</subfield>
	</datafield>
	<datafield ind1=" " ind2=" " tag="300">
		<subfield code="b">Ill. ;</subfield>
		<subfield code="c">36 cm</subfield>
	</datafield>
	<datafield ind1=" " ind2=" " tag="336">
		<subfield code="b">txt</subfield>
		<subfield code="2">rdacontent</subfield>
	</datafield>
	<datafield ind1=" " ind2=" " tag="337">
		<subfield code="b">n</subfield>
		<subfield code="2">rdamedia</subfield>
	</datafield>
	<datafield ind1=" " ind2=" " tag="338">
		<subfield code="b">nc</subfield>
		<subfield code="2">rdacarrier</subfield>
	</datafield>
	<datafield ind1=" " ind2=" " tag="339">
		<subfield code="a">docmaintype_series</subfield>
	</datafield>
	<datafield ind1=" " ind2="7" tag="650">
		<subfield code="a">Archéologie</subfield>
		<subfield code="2">rero</subfield>
	</datafield>
	<datafield ind1=" " ind2="7" tag="651">
		<subfield code="a">Ourouk (Irak)</subfield>
		<subfield code="2">rero</subfield>
	</datafield>
	<datafield ind1="2" ind2=" " tag="710">
		<subfield code="a">Deutsches Archäologisches Institut.</subfield>
		<subfield code="b">Abteilung (Bagdad)</subfield>
		<subfield code="0">(IDREF)029899958</subfield>
	</datafield>
	<datafield ind1=" " ind2=" " tag="900">
		<subfield code="a">noselfmerge</subfield>
	</datafield>
	<datafield ind1=" " ind2=" " tag="919">
		<subfield code="9">651 _7</subfield>
		<subfield code="a">Ourouk (Irak)</subfield>
		<subfield code="x">* archéologie</subfield>
		<subfield code="2">chrero</subfield>
	</datafield>
	<datafield ind1=" " ind2=" " tag="957">
		<subfield code="a">geulsa</subfield>
	</datafield>
	<datafield ind1=" " ind2=" " tag="982">
		<subfield code="2">ge-ulsa</subfield>
		<subfield code="a">OC:A f*Iraq Uruk AUWE</subfield>
	</datafield>
	<datafield ind1=" " ind2=" " tag="992">
		<subfield code="a">BFLC 321</subfield>
		<subfield code="x">ge/ulsa/a</subfield>
	</datafield>
</record>