

<record>
	<leader>01436nas a22003257a 4500</leader>
	<controlfield tag="001">REROILS:2000032</controlfield>
	<controlfield tag="003">RERO</controlfield>
	<controlfield tag="005">20200413101100.0</controlfield>
	<controlfield tag="008">000718u        xx |||m|| ||||0 || 0und d</controlfield>
	<datafield ind1=" " ind2=" " tag="019">
		<subfield code="a">Pas suite BGE</subfield>
		<subfield code="9">rs/1986.</subfield>
	</datafield>
	<datafield ind1=" " ind2=" " tag="035">
		<subfield code="a">0222514</subfield>
	</datafield>
	<datafield ind1=" " ind2="9" tag="039">
		<subfield code="a">202004131011</subfield>
		<subfield code="b">6005</subfield>
		<subfield code="c">201705151626</subfield>
		<subfield code="d">VLOAD</subfield>
		<subfield code="c">201402050629</subfield>
		<subfield code="d">VLOAD</subfield>
		<subfield code="c">201306111711</subfield>
		<subfield code="d">8020</subfield>
		<subfield code="y">1999022715250000</subfield>
		<subfield code="z">load</subfield>
	</datafield>
	<datafield ind1=" " ind2=" " tag="040">
		<subfield code="a">RERO</subfield>
	</datafield>
	<datafield ind1="0" ind2="0" tag="245">
		<subfield code="6">880-01</subfield>
		<subfield code="a">Vivliothēkē tēs en Athēnais Archaiologikēs Etaireias</subfield>
	</datafield>
	<datafield ind1="3" ind2=" " tag="246">
		<subfield code="a">Bibliothiki tis en Athinais Arkhaiologikis Hetaireias</subfield>
	</datafield>
	<datafield ind1="3" ind2=" " tag="246">
		<subfield code="a">Archaeological Society at Athens library</subfield>
	</datafield>
	<datafield ind1="3" ind2=" " tag="246">
		<subfield code="a">Bibliothèque de la Société archéologique d'Athènes</subfield>
	</datafield>
	<datafield ind1="3" ind2=" " tag="246">
		<subfield code="a">Bibliotheke tes en Athenais arhaiologikes etaireias</subfield>
	</datafield>
	<datafield ind1="3" ind2=" " tag="246">
		<subfield code="a">Vivliothi̲ki̲ ti̲s en Athi̲nais Archaiologiki̲s Etaireías</subfield>
	</datafield>
	<datafield ind1="3" ind2=" " tag="246">
		<subfield code="a">Library of the Archaeological Society at Athens</subfield>
	</datafield>
	<datafield ind1=" " ind2="1" tag="264">
		<subfield code="a">Athi̲na :</subfield>
		<subfield code="b">Archaiologiki̲ Etaireia</subfield>
	</datafield>
	<datafield ind1=" " ind2=" " tag="336">
		<subfield code="b">txt</subfield>
		<subfield code="2">rdacontent</subfield>
	</datafield>
	<datafield ind1=" " ind2=" " tag="337">
		<subfield code="b">n</subfield>
		<subfield code="2">rdamedia</subfield>
	</datafield>
	<datafield ind1=" " ind2=" " tag="338">
		<subfield code="b">nc</subfield>
		<subfield code="2">rdacarrier</subfield>
	</datafield>
	<datafield ind1=" " ind2=" " tag="339">
		<subfield code="a">docmaintype_series</subfield>
	</datafield>
	<datafield ind1=" " ind2=" " tag="500">
		<subfield code="a">Porte également le titre: The Archaeological Society at Athens library, et Bibliothèque de la Société archéologique d'Athènes, Library of the Archaeological Society at Athens</subfield>
	</datafield>
	<datafield ind1="2" ind2=" " tag="710">
		<subfield code="a">Archaiologikē Hetaireia</subfield>
		<subfield code="0">(IDREF)176157158</subfield>
	</datafield>
	<datafield ind1="0" ind2="0" tag="880">
		<subfield code="6">245-01/(S</subfield>
		<subfield code="a">Βιβλιοθήκη της εν Αθήναις Αρχαιολογικής Εταιρείας</subfield>
	</datafield>
	<datafield ind1=" " ind2=" " tag="900">
		<subfield code="a">noselfmerge</subfield>
	</datafield>
	<datafield ind1=" " ind2=" " tag="957">
		<subfield code="a">geulsa</subfield>
	</datafield>
</record>