

<record>
	<leader>02231nam a2200601 a 4500</leader>
	<controlfield tag="001">REROILS:2000070</controlfield>
	<controlfield tag="003">RERO</controlfield>
	<controlfield tag="005">20200728124000.0</controlfield>
	<controlfield tag="008">011207s2001    it |||||| ||||01|  |ita d</controlfield>
	<datafield ind1=" " ind2=" " tag="019">
		<subfield code="a">Notices analytiques</subfield>
		<subfield code="9">frbcuc/12.2001</subfield>
	</datafield>
	<datafield ind1=" " ind2=" " tag="020">
		<subfield code="a">9788855526135</subfield>
	</datafield>
	<datafield ind1="7" ind2=" " tag="024">
		<subfield code="a">http://catalogue.bnf.fr/ark:/12148/cb39023667p</subfield>
		<subfield code="2">uri</subfield>
	</datafield>
	<datafield ind1=" " ind2=" " tag="035">
		<subfield code="a">R003125116</subfield>
	</datafield>
	<datafield ind1=" " ind2="7" tag="039">
		<subfield code="b">6097</subfield>
		<subfield code="b">0055</subfield>
	</datafield>
	<datafield ind1=" " ind2="9" tag="039">
		<subfield code="a">202007281240</subfield>
		<subfield code="b">VLOAD</subfield>
		<subfield code="c">202007221134</subfield>
		<subfield code="d">1011</subfield>
		<subfield code="c">202007221131</subfield>
		<subfield code="d">1011</subfield>
		<subfield code="c">202007101957</subfield>
		<subfield code="d">VLOAD</subfield>
		<subfield code="y">200112071032</subfield>
		<subfield code="z">0011</subfield>
	</datafield>
	<datafield ind1=" " ind2=" " tag="040">
		<subfield code="a">RERO frbcuc</subfield>
	</datafield>
	<datafield ind1="0" ind2=" " tag="041">
		<subfield code="a">ita</subfield>
		<subfield code="a">fre</subfield>
		<subfield code="a">eng</subfield>
		<subfield code="a">ger</subfield>
	</datafield>
	<datafield ind1=" " ind2="7" tag="072">
		<subfield code="a">s1mu</subfield>
		<subfield code="2">rero</subfield>
	</datafield>
	<datafield ind1="0" ind2="0" tag="245">
		<subfield code="a">Fiori musicologici :</subfield>
		<subfield code="b">studi in onore di Luigi Ferdinando Tagliavini nella ricorrenza del suo LXX compleanno /</subfield>
		<subfield code="c">raccolti da François Seydoux ; con la collab. di Giuliano Castellani e Axel Leuthold</subfield>
	</datafield>
	<datafield ind1=" " ind2="1" tag="264">
		<subfield code="a">Bologna :</subfield>
		<subfield code="b">Pàtron,</subfield>
		<subfield code="c">2001</subfield>
	</datafield>
	<datafield ind1=" " ind2=" " tag="300">
		<subfield code="a">642 p. :</subfield>
		<subfield code="b">mus., ill. ;</subfield>
		<subfield code="c">24 cm</subfield>
	</datafield>
	<datafield ind1=" " ind2=" " tag="336">
		<subfield code="b">txt</subfield>
		<subfield code="2">rdacontent</subfield>
	</datafield>
	<datafield ind1=" " ind2=" " tag="337">
		<subfield code="b">n</subfield>
		<subfield code="2">rdamedia</subfield>
	</datafield>
	<datafield ind1=" " ind2=" " tag="338">
		<subfield code="b">nc</subfield>
		<subfield code="2">rdacarrier</subfield>
	</datafield>
	<datafield ind1=" " ind2=" " tag="339">
		<subfield code="a">docmaintype_book</subfield>
		<subfield code="b">docsubtype_other_book</subfield>
	</datafield>
	<datafield ind1="8" ind2=" " tag="520">
		<subfield code="a">Voir: La Liberté ; 15.11.2001 ; 15.07.200 - La Gruyère ; 15.11.2001.</subfield>
		<subfield code="9">frbcuc/03.2002/0028</subfield>
	</datafield>
	<datafield ind1=" " ind2=" " tag="583">
		<subfield code="5">gevbge BGE Tac 4689</subfield>
		<subfield code="z">1</subfield>
	</datafield>
	<datafield ind1="1" ind2="7" tag="600">
		<subfield code="a">Tagliavini, Luigi Ferdinando</subfield>
		<subfield code="2">rero</subfield>
		<subfield code="0">(IDREF)067025501</subfield>
	</datafield>
	<datafield ind1=" " ind2="7" tag="650">
		<subfield code="a">Musicologie</subfield>
		<subfield code="2">rero</subfield>
	</datafield>
	<datafield ind1=" " ind2="7" tag="655">
		<subfield code="a">[Mélanges et hommages]</subfield>
		<subfield code="2">rero</subfield>
	</datafield>
	<datafield ind1=" " ind2="7" tag="655">
		<subfield code="a">[Études diverses]</subfield>
		<subfield code="2">rero</subfield>
	</datafield>
	<datafield ind1="1" ind2=" " tag="700">
		<subfield code="a">Seydoux, François,</subfield>
		<subfield code="d">1949-2015</subfield>
		<subfield code="0">(IDREF)144302691</subfield>
	</datafield>
	<datafield ind1="1" ind2=" " tag="700">
		<subfield code="a">Castellani, Giuliano</subfield>
		<subfield code="0">(IDREF)147817110</subfield>
	</datafield>
	<datafield ind1="1" ind2=" " tag="700">
		<subfield code="a">Leuthold, Axel</subfield>
		<subfield code="0">(IDREF)251309835</subfield>
	</datafield>
	<datafield ind1="1" ind2=" " tag="700">
		<subfield code="a">Tagliavini, Luigi Ferdinando,</subfield>
		<subfield code="d">1929-</subfield>
		<subfield code="0">(IDREF)067025501</subfield>
	</datafield>
	<datafield ind1="1" ind2="2" tag="700">
		<subfield code="a">Darbellay, Etienne. -</subfield>
		<subfield code="t">Luigi Ferdinando Tagliavini: le musicologue</subfield>
		<subfield code="0">(IDREF)055056911</subfield>
	</datafield>
	<datafield ind1="1" ind2="2" tag="700">
		<subfield code="a">Darbellay, Etienne. -</subfield>
		<subfield code="t">Stile fantastico, passi, affetti: des imprese musicali? : le temps comme interprète de l'espace et la forme comme histoire</subfield>
	</datafield>
	<datafield ind1=" " ind2=" " tag="900">
		<subfield code="a">noselfmerge</subfield>
	</datafield>
	<datafield ind1=" " ind2=" " tag="901">
		<subfield code="a">bfr2001</subfield>
	</datafield>
	<datafield ind1=" " ind2=" " tag="901">
		<subfield code="a">bfrc2</subfield>
	</datafield>
	<datafield ind1=" " ind2=" " tag="901">
		<subfield code="a">fribu</subfield>
	</datafield>
	<datafield ind1=" " ind2=" " tag="901">
		<subfield code="a">frautuni</subfield>
	</datafield>
	<datafield ind1=" " ind2=" " tag="901">
		<subfield code="a">frautfr</subfield>
	</datafield>
	<datafield ind1=" " ind2=" " tag="906">
		<subfield code="a">bvs</subfield>
	</datafield>
	<datafield ind1=" " ind2=" " tag="919">
		<subfield code="9">600 17</subfield>
		<subfield code="a">Tagliavini, Luigi Ferdinando</subfield>
		<subfield code="v">[études diverses]</subfield>
		<subfield code="2">chrero</subfield>
	</datafield>
	<datafield ind1=" " ind2=" " tag="956">
		<subfield code="a">frbcuc frvsbc</subfield>
	</datafield>
	<datafield ind1=" " ind2=" " tag="957">
		<subfield code="a">gevbge</subfield>
	</datafield>
	<datafield ind1=" " ind2=" " tag="973">
		<subfield code="a">vsbcvs</subfield>
	</datafield>
	<datafield ind1=" " ind2=" " tag="981">
		<subfield code="2">BF</subfield>
		<subfield code="a">6.63.23.9.Tagliavini, Luigi Ferdinando</subfield>
	</datafield>
	<datafield ind1=" " ind2=" " tag="981">
		<subfield code="2">SM</subfield>
		<subfield code="a">AE</subfield>
	</datafield>
	<datafield ind1=" " ind2=" " tag="981">
		<subfield code="2">SBC</subfield>
		<subfield code="a">H-370-140</subfield>
	</datafield>
	<datafield ind1=" " ind2=" " tag="981">
		<subfield code="2">FRB</subfield>
		<subfield code="a">6.63.23</subfield>
	</datafield>
	<datafield ind1=" " ind2=" " tag="992">
		<subfield code="a">BGE Tac 4689</subfield>
		<subfield code="x">ge/vbge/d/2013/12</subfield>
	</datafield>
</record>