

<record>
	<leader>01202nas a22002777a 4500</leader>
	<controlfield tag="001">REROILS:2000087</controlfield>
	<controlfield tag="003">RERO</controlfield>
	<controlfield tag="005">20200116231900.0</controlfield>
	<controlfield tag="008">960525d19692012it |||m|| ||||0 || 0ita d</controlfield>
	<datafield ind1=" " ind2=" " tag="035">
		<subfield code="a">0056879</subfield>
	</datafield>
	<datafield ind1=" " ind2="9" tag="039">
		<subfield code="a">202001162319</subfield>
		<subfield code="b">VLOAD</subfield>
		<subfield code="c">201705151519</subfield>
		<subfield code="d">VLOAD</subfield>
		<subfield code="c">201403071350</subfield>
		<subfield code="d">8733</subfield>
		<subfield code="c">201403071350</subfield>
		<subfield code="d">8733</subfield>
		<subfield code="y">1999022711190000</subfield>
		<subfield code="z">load</subfield>
	</datafield>
	<datafield ind1=" " ind2=" " tag="040">
		<subfield code="a">RERO</subfield>
	</datafield>
	<datafield ind1=" " ind2="7" tag="072">
		<subfield code="a">s1dr</subfield>
		<subfield code="2">rero</subfield>
	</datafield>
	<datafield ind1="0" ind2="0" tag="245">
		<subfield code="a">Pubblicazioni della Facoltà di giurisprudenza, Università di Macerata</subfield>
	</datafield>
	<datafield ind1=" " ind2="1" tag="264">
		<subfield code="a">[Lieu de publication non identifié] :</subfield>
		<subfield code="b">Morano Editore ;</subfield>
		<subfield code="a">[poi] Milano :</subfield>
		<subfield code="b">A. Giuffrè</subfield>
	</datafield>
	<datafield ind1=" " ind2=" " tag="336">
		<subfield code="b">txt</subfield>
		<subfield code="2">rdacontent</subfield>
	</datafield>
	<datafield ind1=" " ind2=" " tag="337">
		<subfield code="b">n</subfield>
		<subfield code="2">rdamedia</subfield>
	</datafield>
	<datafield ind1=" " ind2=" " tag="338">
		<subfield code="b">nc</subfield>
		<subfield code="2">rdacarrier</subfield>
	</datafield>
	<datafield ind1=" " ind2=" " tag="339">
		<subfield code="a">docmaintype_series</subfield>
	</datafield>
	<datafield ind1=" " ind2=" " tag="500">
		<subfield code="a">Dans cette collection les sous-séries (sous-collections) ne sont pas cataloguées séparément</subfield>
	</datafield>
	<datafield ind1=" " ind2=" " tag="580">
		<subfield code="a">Devient: Pubblicazioni del dipartimento di giurisprudenza, Università di Macerata. Nuova Serie</subfield>
	</datafield>
	<datafield ind1="2" ind2=" " tag="710">
		<subfield code="a">Università di Macerata.</subfield>
		<subfield code="b">Facoltà di Giurisprudenza</subfield>
		<subfield code="0">(IDREF)02797748X</subfield>
	</datafield>
	<datafield ind1="1" ind2="0" tag="785">
		<subfield code="t">Pubblicazioni del Dipartimento di giurisprudenza, Università di Macerata. Nuova Serie</subfield>
		<subfield code="w">REROILS:2000116</subfield>
	</datafield>
	<datafield ind1=" " ind2=" " tag="900">
		<subfield code="a">swissbibnomerge</subfield>
	</datafield>
	<datafield ind1=" " ind2=" " tag="900">
		<subfield code="a">reroslsp</subfield>
	</datafield>
</record>