

<record>
	<leader>00823nas a22002777a 4500</leader>
	<controlfield tag="001">REROILS:2000079</controlfield>
	<controlfield tag="003">RERO</controlfield>
	<controlfield tag="005">20190626190900.0</controlfield>
	<controlfield tag="008">931123u        xx |||m|| ||||0 || 0und d</controlfield>
	<datafield ind1=" " ind2=" " tag="035">
		<subfield code="a">1774260</subfield>
	</datafield>
	<datafield ind1=" " ind2="9" tag="039">
		<subfield code="a">201906261909</subfield>
		<subfield code="b">VLOAD</subfield>
		<subfield code="c">201901310803</subfield>
		<subfield code="d">VLOAD</subfield>
		<subfield code="c">201901111247</subfield>
		<subfield code="d">VLOAD</subfield>
		<subfield code="c">201705171521</subfield>
		<subfield code="d">VLOAD</subfield>
		<subfield code="y">1999030103310000</subfield>
		<subfield code="z">load</subfield>
	</datafield>
	<datafield ind1=" " ind2=" " tag="040">
		<subfield code="a">RERO frbcuc</subfield>
	</datafield>
	<datafield ind1="0" ind2=" " tag="130">
		<subfield code="a">Collection &quot;Vécu&quot;.</subfield>
		<subfield code="p">Glénat</subfield>
	</datafield>
	<datafield ind1="1" ind2="0" tag="245">
		<subfield code="a">Collection &quot;Vécu&quot;</subfield>
	</datafield>
	<datafield ind1="3" ind2=" " tag="246">
		<subfield code="a">Vécu</subfield>
	</datafield>
	<datafield ind1=" " ind2="1" tag="264">
		<subfield code="a">Grenoble :</subfield>
		<subfield code="b">Glénat</subfield>
	</datafield>
	<datafield ind1=" " ind2=" " tag="336">
		<subfield code="b">txt</subfield>
		<subfield code="2">rdacontent</subfield>
	</datafield>
	<datafield ind1=" " ind2=" " tag="336">
		<subfield code="b">sti</subfield>
		<subfield code="2">rdacontent</subfield>
	</datafield>
	<datafield ind1=" " ind2=" " tag="337">
		<subfield code="b">n</subfield>
		<subfield code="2">rdamedia</subfield>
	</datafield>
	<datafield ind1=" " ind2=" " tag="338">
		<subfield code="b">nc</subfield>
		<subfield code="2">rdacarrier</subfield>
	</datafield>
	<datafield ind1=" " ind2=" " tag="339">
		<subfield code="a">docmaintype_comic</subfield>
		<subfield code="b">docsubtype_comic</subfield>
	</datafield>
	<datafield ind1=" " ind2=" " tag="339">
		<subfield code="a">docmaintype_series</subfield>
	</datafield>
	<datafield ind1=" " ind2="7" tag="655">
		<subfield code="a">[Bandes dessinées]</subfield>
		<subfield code="2">rero</subfield>
	</datafield>
	<datafield ind1="0" ind2=" " tag="730">
		<subfield code="a">Vécu.</subfield>
		<subfield code="p">Glénat</subfield>
	</datafield>
	<datafield ind1=" " ind2=" " tag="900">
		<subfield code="a">noselfmerge</subfield>
	</datafield>
	<datafield ind1=" " ind2=" " tag="900">
		<subfield code="a">reroslsp</subfield>
	</datafield>
</record>