

<record>
	<leader>00798nas a22002657a 4500</leader>
	<controlfield tag="001">REROILS:2000053</controlfield>
	<controlfield tag="003">RERO</controlfield>
	<controlfield tag="005">20190705132400.0</controlfield>
	<controlfield tag="008">050413c19909999xx |||m|| ||||0 || 0und d</controlfield>
	<datafield ind1=" " ind2=" " tag="019">
		<subfield code="a">Pas suite BGE</subfield>
		<subfield code="9">gevbpu/06.2005</subfield>
	</datafield>
	<datafield ind1=" " ind2=" " tag="035">
		<subfield code="a">R003822228</subfield>
	</datafield>
	<datafield ind1=" " ind2="9" tag="039">
		<subfield code="a">201907051324</subfield>
		<subfield code="b">VLOAD</subfield>
		<subfield code="c">201705190756</subfield>
		<subfield code="d">VLOAD</subfield>
		<subfield code="c">200812220640</subfield>
		<subfield code="d">VLOAD</subfield>
		<subfield code="c">200605282121</subfield>
		<subfield code="d">VLOAD</subfield>
		<subfield code="y">200504131101</subfield>
		<subfield code="z">0076</subfield>
	</datafield>
	<datafield ind1=" " ind2=" " tag="040">
		<subfield code="a">RERO frbcuc</subfield>
	</datafield>
	<datafield ind1="0" ind2=" " tag="130">
		<subfield code="a">U.</subfield>
		<subfield code="p">A. Colin.</subfield>
		<subfield code="p">Linguistique</subfield>
	</datafield>
	<datafield ind1="1" ind2="0" tag="245">
		<subfield code="a">U.</subfield>
		<subfield code="p">Linguistique</subfield>
	</datafield>
	<datafield ind1="3" ind2=" " tag="246">
		<subfield code="a">U.</subfield>
		<subfield code="p">Série &quot;Linguistique&quot;</subfield>
	</datafield>
	<datafield ind1="3" ind2=" " tag="246">
		<subfield code="a">Collection U.</subfield>
		<subfield code="p">Linguistique</subfield>
	</datafield>
	<datafield ind1="3" ind2=" " tag="246">
		<subfield code="a">Collection U.</subfield>
		<subfield code="p">Série &quot;Linguistique&quot;</subfield>
	</datafield>
	<datafield ind1=" " ind2="1" tag="264">
		<subfield code="a">Paris :</subfield>
		<subfield code="b">A. Colin,</subfield>
		<subfield code="c">1990-</subfield>
	</datafield>
	<datafield ind1=" " ind2=" " tag="336">
		<subfield code="b">txt</subfield>
		<subfield code="2">rdacontent</subfield>
	</datafield>
	<datafield ind1=" " ind2=" " tag="337">
		<subfield code="b">n</subfield>
		<subfield code="2">rdamedia</subfield>
	</datafield>
	<datafield ind1=" " ind2=" " tag="338">
		<subfield code="b">nc</subfield>
		<subfield code="2">rdacarrier</subfield>
	</datafield>
	<datafield ind1=" " ind2=" " tag="339">
		<subfield code="a">docmaintype_series</subfield>
	</datafield>
	<datafield ind1=" " ind2=" " tag="900">
		<subfield code="a">noselfmerge</subfield>
	</datafield>
	<datafield ind1=" " ind2=" " tag="900">
		<subfield code="a">reroslsp</subfield>
	</datafield>
</record>