

<record>
	<leader>00523nas a22002057a 4500</leader>
	<controlfield tag="001">REROILS:2000041</controlfield>
	<controlfield tag="003">RERO</controlfield>
	<controlfield tag="005">20170517120000.0</controlfield>
	<controlfield tag="008">910330u        xx |||m|| ||||0 || 0und d</controlfield>
	<datafield ind1=" " ind2=" " tag="035">
		<subfield code="a">1359190</subfield>
	</datafield>
	<datafield ind1=" " ind2="9" tag="039">
		<subfield code="a">201705171200</subfield>
		<subfield code="b">VLOAD</subfield>
		<subfield code="c">200605272310</subfield>
		<subfield code="d">VLOAD</subfield>
		<subfield code="y">1999022817430000</subfield>
		<subfield code="z">load</subfield>
	</datafield>
	<datafield ind1=" " ind2=" " tag="040">
		<subfield code="a">RERO laisdc</subfield>
	</datafield>
	<datafield ind1="0" ind2="0" tag="245">
		<subfield code="a">Yūhikaku sensho</subfield>
	</datafield>
	<datafield ind1=" " ind2="1" tag="264">
		<subfield code="a">Tōkyō :</subfield>
		<subfield code="b">Yūhikaku</subfield>
	</datafield>
	<datafield ind1=" " ind2=" " tag="336">
		<subfield code="b">txt</subfield>
		<subfield code="2">rdacontent</subfield>
	</datafield>
	<datafield ind1=" " ind2=" " tag="337">
		<subfield code="b">n</subfield>
		<subfield code="2">rdamedia</subfield>
	</datafield>
	<datafield ind1=" " ind2=" " tag="338">
		<subfield code="b">nc</subfield>
		<subfield code="2">rdacarrier</subfield>
	</datafield>
	<datafield ind1=" " ind2=" " tag="339">
		<subfield code="a">docmaintype_series</subfield>
	</datafield>
	<datafield ind1=" " ind2=" " tag="900">
		<subfield code="a">noselfmerge</subfield>
	</datafield>
	<datafield ind1=" " ind2=" " tag="900">
		<subfield code="a">reroslsp</subfield>
	</datafield>
</record>