

<record>
	<leader>00906nas a22002777a 4500</leader>
	<controlfield tag="001">REROILS:2000074</controlfield>
	<controlfield tag="003">RERO</controlfield>
	<controlfield tag="005">20170518092000.0</controlfield>
	<controlfield tag="008">970603u        xx |||m|| ||||0 || 0fre d</controlfield>
	<datafield ind1=" " ind2=" " tag="035">
		<subfield code="a">R215354160</subfield>
	</datafield>
	<datafield ind1=" " ind2=" " tag="039">
		<subfield code="b">0111</subfield>
		<subfield code="b">8203</subfield>
	</datafield>
	<datafield ind1=" " ind2="9" tag="039">
		<subfield code="a">201705180920</subfield>
		<subfield code="b">VLOAD</subfield>
		<subfield code="c">201010090843</subfield>
		<subfield code="d">VLOAD</subfield>
		<subfield code="c">200709181747</subfield>
		<subfield code="d">VLOAD</subfield>
		<subfield code="c">200605272035</subfield>
		<subfield code="d">VLOAD</subfield>
		<subfield code="y">1999030118170000</subfield>
		<subfield code="z">load0001</subfield>
	</datafield>
	<datafield ind1=" " ind2=" " tag="040">
		<subfield code="a">RERO frbcuc</subfield>
	</datafield>
	<datafield ind1="0" ind2="0" tag="245">
		<subfield code="a">Fac universités.</subfield>
		<subfield code="p">Mémentos</subfield>
	</datafield>
	<datafield ind1="3" ind2=" " tag="246">
		<subfield code="a">Collection Fac universités.</subfield>
		<subfield code="p">Mémentos</subfield>
	</datafield>
	<datafield ind1="3" ind2=" " tag="246">
		<subfield code="a">Mémentos.</subfield>
		<subfield code="p">Gualino</subfield>
	</datafield>
	<datafield ind1="3" ind2=" " tag="246">
		<subfield code="a">Mémentos LMD</subfield>
	</datafield>
	<datafield ind1=" " ind2="1" tag="264">
		<subfield code="a">Paris :</subfield>
		<subfield code="b">Gualino</subfield>
	</datafield>
	<datafield ind1=" " ind2=" " tag="336">
		<subfield code="b">txt</subfield>
		<subfield code="2">rdacontent</subfield>
	</datafield>
	<datafield ind1=" " ind2=" " tag="337">
		<subfield code="b">n</subfield>
		<subfield code="2">rdamedia</subfield>
	</datafield>
	<datafield ind1=" " ind2=" " tag="338">
		<subfield code="b">nc</subfield>
		<subfield code="2">rdacarrier</subfield>
	</datafield>
	<datafield ind1=" " ind2=" " tag="339">
		<subfield code="a">docmaintype_series</subfield>
	</datafield>
	<datafield ind1=" " ind2=" " tag="500">
		<subfield code="a">Se présente également sous la forme: Collection Fac universités</subfield>
	</datafield>
	<datafield ind1=" " ind2=" " tag="900">
		<subfield code="a">noselfmerge</subfield>
	</datafield>
	<datafield ind1=" " ind2=" " tag="900">
		<subfield code="a">reroslsp</subfield>
	</datafield>
</record>