

<record>
	<leader>02500nas a2200733 a 4500</leader>
	<controlfield tag="001">REROILS:2000093</controlfield>
	<controlfield tag="003">RERO</controlfield>
	<controlfield tag="005">20201021123800.0</controlfield>
	<controlfield tag="008">960525d19472016sz |||p|| ||||0 || 0ger d</controlfield>
	<datafield ind1=" " ind2=" " tag="035">
		<subfield code="a">0209974</subfield>
	</datafield>
	<datafield ind1=" " ind2="9" tag="039">
		<subfield code="a">202010211238</subfield>
		<subfield code="b">VLOAD</subfield>
		<subfield code="c">202007131441</subfield>
		<subfield code="d">7967</subfield>
		<subfield code="c">202007130929</subfield>
		<subfield code="d">VLOAD</subfield>
		<subfield code="c">201804181450</subfield>
		<subfield code="d">7704</subfield>
		<subfield code="y">1999022715210000</subfield>
		<subfield code="z">load</subfield>
	</datafield>
	<datafield ind1=" " ind2=" " tag="040">
		<subfield code="a">RERO</subfield>
	</datafield>
	<datafield ind1=" " ind2="7" tag="072">
		<subfield code="a">s1dr</subfield>
		<subfield code="2">rero</subfield>
	</datafield>
	<datafield ind1="0" ind2="0" tag="245">
		<subfield code="a">Aargauische Gerichts- und Verwaltungsentscheide /</subfield>
		<subfield code="c">Hrsg.: Regierungsrat, Obergericht, Steuerrekurskommission, Schätzungskommission nach Baugesetz und Gewässerschutzgesetz</subfield>
	</datafield>
	<datafield ind1="3" ind2=" " tag="246">
		<subfield code="a">AGVE</subfield>
	</datafield>
	<datafield ind1=" " ind2="1" tag="264">
		<subfield code="a">Aarau :</subfield>
		<subfield code="b">H.R. Sauerländer</subfield>
	</datafield>
	<datafield ind1=" " ind2=" " tag="336">
		<subfield code="b">txt</subfield>
		<subfield code="2">rdacontent</subfield>
	</datafield>
	<datafield ind1=" " ind2=" " tag="337">
		<subfield code="b">n</subfield>
		<subfield code="2">rdamedia</subfield>
	</datafield>
	<datafield ind1=" " ind2=" " tag="338">
		<subfield code="b">nc</subfield>
		<subfield code="2">rdacarrier</subfield>
	</datafield>
	<datafield ind1=" " ind2=" " tag="339">
		<subfield code="a">docmaintype_serial</subfield>
	</datafield>
	<datafield ind1="0" ind2=" " tag="362">
		<subfield code="a">1947 - 2016</subfield>
	</datafield>
	<datafield ind1=" " ind2=" " tag="500">
		<subfield code="a">Aargau. - Jurisprudence</subfield>
	</datafield>
	<datafield ind1=" " ind2=" " tag="500">
		<subfield code="a">Autre titre: AGVE</subfield>
	</datafield>
	<datafield ind1=" " ind2=" " tag="500">
		<subfield code="a">Dès 2017 paraît uniquement sous forme électronique</subfield>
	</datafield>
	<datafield ind1=" " ind2=" " tag="580">
		<subfield code="a">Fait suite à: Vierteljahresschrift für aargauische Rechtsprechung</subfield>
	</datafield>
	<datafield ind1=" " ind2="7" tag="650">
		<subfield code="a">Gerichts- und Verwaltungspraxis</subfield>
		<subfield code="2">jurivoc</subfield>
		<subfield code="9">ger</subfield>
	</datafield>
	<datafield ind1=" " ind2="7" tag="650">
		<subfield code="a">richterliche Behörde</subfield>
		<subfield code="2">jurivoc</subfield>
		<subfield code="9">ger</subfield>
	</datafield>
	<datafield ind1=" " ind2="7" tag="650">
		<subfield code="a">kantonale Behörde</subfield>
		<subfield code="2">jurivoc</subfield>
		<subfield code="9">ger</subfield>
	</datafield>
	<datafield ind1=" " ind2="7" tag="650">
		<subfield code="a">Droit</subfield>
		<subfield code="2">rero</subfield>
	</datafield>
	<datafield ind1=" " ind2="7" tag="651">
		<subfield code="a">Schweiz</subfield>
		<subfield code="2">jurivoc</subfield>
		<subfield code="9">ger</subfield>
	</datafield>
	<datafield ind1=" " ind2="7" tag="651">
		<subfield code="a">Aargau</subfield>
		<subfield code="2">jurivoc</subfield>
		<subfield code="9">ger</subfield>
	</datafield>
	<datafield ind1=" " ind2="7" tag="651">
		<subfield code="a">Argovie (Suisse)</subfield>
		<subfield code="2">rero</subfield>
	</datafield>
	<datafield ind1=" " ind2="7" tag="655">
		<subfield code="a">Entscheidsammlung</subfield>
		<subfield code="2">jurivoc</subfield>
		<subfield code="9">ger</subfield>
	</datafield>
	<datafield ind1=" " ind2="7" tag="655">
		<subfield code="a">Periodikum</subfield>
		<subfield code="2">jurivoc</subfield>
		<subfield code="9">ger</subfield>
	</datafield>
	<datafield ind1=" " ind2="7" tag="655">
		<subfield code="a">[Jurisprudence]</subfield>
		<subfield code="2">rero</subfield>
	</datafield>
	<datafield ind1="1" ind2=" " tag="710">
		<subfield code="a">Aargau.</subfield>
		<subfield code="b">Obergericht</subfield>
	</datafield>
	<datafield ind1="1" ind2=" " tag="710">
		<subfield code="a">Aargau.</subfield>
		<subfield code="b">Regierungsrat</subfield>
	</datafield>
	<datafield ind1="1" ind2=" " tag="710">
		<subfield code="a">Aargau</subfield>
	</datafield>
	<datafield ind1="1" ind2="0" tag="780">
		<subfield code="t">Vierteljahresschrift für aargauische Rechtsprechung</subfield>
		<subfield code="w">REROILS:2000038</subfield>
	</datafield>
	<datafield ind1=" " ind2=" " tag="900">
		<subfield code="a">noselfmerge</subfield>
	</datafield>
	<datafield ind1=" " ind2=" " tag="901">
		<subfield code="a">recatfr01</subfield>
	</datafield>
	<datafield ind1=" " ind2=" " tag="903">
		<subfield code="a">tflap</subfield>
		<subfield code="b">0</subfield>
		<subfield code="c">CH02</subfield>
		<subfield code="c">la2018f</subfield>
	</datafield>
	<datafield ind1=" " ind2=" " tag="903">
		<subfield code="a">tflup</subfield>
		<subfield code="b">0</subfield>
		<subfield code="c">CH03</subfield>
		<subfield code="c">lu2018f</subfield>
	</datafield>
	<datafield ind1=" " ind2=" " tag="903">
		<subfield code="a">tflabg06P52</subfield>
		<subfield code="b">200305</subfield>
	</datafield>
	<datafield ind1=" " ind2=" " tag="919">
		<subfield code="9">650 _7</subfield>
		<subfield code="a">droit</subfield>
		<subfield code="z">Argovie (Suisse)</subfield>
		<subfield code="v">[jurisprudence]</subfield>
		<subfield code="2">chrero</subfield>
	</datafield>
	<datafield ind1=" " ind2=" " tag="948">
		<subfield code="a">1947-2016</subfield>
		<subfield code="9">iftfla</subfield>
	</datafield>
	<datafield ind1=" " ind2=" " tag="948">
		<subfield code="a">1960-2016</subfield>
		<subfield code="9">iftflu</subfield>
	</datafield>
	<datafield ind1=" " ind2=" " tag="953">
		<subfield code="a">iftfla iftflu</subfield>
	</datafield>
	<datafield ind1=" " ind2=" " tag="956">
		<subfield code="a">frbcuc frvtcf</subfield>
	</datafield>
	<datafield ind1=" " ind2=" " tag="957">
		<subfield code="a">gecjpj geudbu</subfield>
	</datafield>
	<datafield ind1=" " ind2=" " tag="960">
		<subfield code="a">jutc--</subfield>
	</datafield>
	<datafield ind1=" " ind2=" " tag="962">
		<subfield code="a">neubfd</subfield>
	</datafield>
	<datafield ind1=" " ind2=" " tag="973">
		<subfield code="a">vstcvs</subfield>
	</datafield>
	<datafield ind1=" " ind2=" " tag="980">
		<subfield code="2">dr-sys</subfield>
		<subfield code="a">CA/CH-AG 11 d</subfield>
	</datafield>
	<datafield ind1=" " ind2=" " tag="982">
		<subfield code="2">dr-geubfd</subfield>
		<subfield code="a">CA/CH-AG 11 d AAGV</subfield>
	</datafield>
	<datafield ind1=" " ind2=" " tag="982">
		<subfield code="2">dr-gecjpj</subfield>
		<subfield code="a">CA/CH-AG 11 d AAGV</subfield>
	</datafield>
	<datafield ind1=" " ind2=" " tag="983">
		<subfield code="2">iftfla</subfield>
		<subfield code="a">TFLa A 15/35</subfield>
	</datafield>
	<datafield ind1=" " ind2=" " tag="983">
		<subfield code="2">iftflu</subfield>
		<subfield code="a">TFLu 26 B/19</subfield>
	</datafield>
	<datafield ind1=" " ind2=" " tag="984">
		<subfield code="2">dr-neubfd</subfield>
		<subfield code="a">CA/CH-AG 11 d AAGV</subfield>
	</datafield>
	<datafield ind1=" " ind2=" " tag="986">
		<subfield code="2">dr-vs</subfield>
		<subfield code="a">CA/CH-AG 11 d AAGV</subfield>
	</datafield>
	<datafield ind1=" " ind2=" " tag="992">
		<subfield code="a">BFDZ 127</subfield>
		<subfield code="x">ge/ubfd/a</subfield>
	</datafield>
	<datafield ind1=" " ind2=" " tag="992">
		<subfield code="a">BPJP 109</subfield>
		<subfield code="x">ge/cjpj/a/cj</subfield>
	</datafield>
	<datafield ind1=" " ind2=" " tag="992">
		<subfield code="a">BPJP 109</subfield>
		<subfield code="x">ge/cjpj/a/ta</subfield>
	</datafield>
	<datafield ind1=" " ind2=" " tag="996">
		<subfield code="a">TCVSP 6</subfield>
		<subfield code="c">CA/CH-AG 11 d AAGV</subfield>
		<subfield code="x">vs/tcvs/a</subfield>
	</datafield>
</record>