

<record>
	<leader>00874nas a22002777a 4500</leader>
	<controlfield tag="001">REROILS:2000105</controlfield>
	<controlfield tag="003">RERO</controlfield>
	<controlfield tag="005">20170520151500.0</controlfield>
	<controlfield tag="008">150430         fr |||m|  ||||0 |  0fre d</controlfield>
	<datafield ind1=" " ind2=" " tag="035">
		<subfield code="a">R008136208</subfield>
	</datafield>
	<datafield ind1=" " ind2="9" tag="039">
		<subfield code="a">201705201515</subfield>
		<subfield code="b">VLOAD</subfield>
		<subfield code="c">201507091023</subfield>
		<subfield code="d">VLOAD</subfield>
		<subfield code="y">201504301004</subfield>
		<subfield code="z">1548</subfield>
	</datafield>
	<datafield ind1=" " ind2=" " tag="040">
		<subfield code="a">RERO vsbasm</subfield>
	</datafield>
	<datafield ind1=" " ind2="7" tag="072">
		<subfield code="a">s1th</subfield>
		<subfield code="2">rero</subfield>
	</datafield>
	<datafield ind1="0" ind2="0" tag="245">
		<subfield code="a">Bulletin du Cercle Saint Jean-Baptiste</subfield>
	</datafield>
	<datafield ind1=" " ind2="1" tag="264">
		<subfield code="a">Paris :</subfield>
		<subfield code="b">Cercle Saint Jean-Baptiste</subfield>
	</datafield>
	<datafield ind1=" " ind2=" " tag="336">
		<subfield code="b">txt</subfield>
		<subfield code="2">rdacontent</subfield>
	</datafield>
	<datafield ind1=" " ind2=" " tag="337">
		<subfield code="b">n</subfield>
		<subfield code="2">rdamedia</subfield>
	</datafield>
	<datafield ind1=" " ind2=" " tag="338">
		<subfield code="b">nc</subfield>
		<subfield code="2">rdacarrier</subfield>
	</datafield>
	<datafield ind1=" " ind2=" " tag="339">
		<subfield code="a">docmaintype_series</subfield>
	</datafield>
	<datafield ind1="0" ind2=" " tag="362">
		<subfield code="a">No 1(oct-nov. 1960) - 32(Juin-juil. 1964)</subfield>
	</datafield>
	<datafield ind1=" " ind2=" " tag="580">
		<subfield code="a">Devient : Bulletin Saint Jean-Baptiste</subfield>
	</datafield>
	<datafield ind1="2" ind2=" " tag="710">
		<subfield code="a">Cercle Saint Jean-Baptiste</subfield>
	</datafield>
	<datafield ind1="1" ind2="0" tag="785">
		<subfield code="t">Bulletin Saint Jean-Baptiste</subfield>
		<subfield code="w">REROILS:2000075</subfield>
	</datafield>
	<datafield ind1=" " ind2=" " tag="900">
		<subfield code="a">noselfmerge</subfield>
	</datafield>
	<datafield ind1=" " ind2=" " tag="973">
		<subfield code="a">vsbasm</subfield>
	</datafield>
</record>