

<record>
	<leader>01141nas a2200325 a 4500</leader>
	<controlfield tag="001">REROILS:2000106</controlfield>
	<controlfield tag="003">RERO</controlfield>
	<controlfield tag="005">20200710134100.0</controlfield>
	<controlfield tag="008">960525d19591968xxu|||p|| ||||0 || 0eng d</controlfield>
	<datafield ind1=" " ind2=" " tag="035">
		<subfield code="a">0277121</subfield>
	</datafield>
	<datafield ind1=" " ind2="9" tag="039">
		<subfield code="a">202007101341</subfield>
		<subfield code="b">VLOAD</subfield>
		<subfield code="c">201812081039</subfield>
		<subfield code="d">VLOAD</subfield>
		<subfield code="c">201811162016</subfield>
		<subfield code="d">VLOAD</subfield>
		<subfield code="c">201706101721</subfield>
		<subfield code="d">VLOAD</subfield>
		<subfield code="y">1999022716410000</subfield>
		<subfield code="z">load</subfield>
	</datafield>
	<datafield ind1=" " ind2=" " tag="040">
		<subfield code="a">RERO</subfield>
	</datafield>
	<datafield ind1=" " ind2="7" tag="072">
		<subfield code="a">s1th</subfield>
		<subfield code="2">rero</subfield>
	</datafield>
	<datafield ind1="0" ind2="0" tag="245">
		<subfield code="a">St. Vladimir's seminary quarterly /</subfield>
		<subfield code="c">publ. by the Faculty of St. Vladimir's Orthodox Theological Seminary</subfield>
	</datafield>
	<datafield ind1=" " ind2="1" tag="264">
		<subfield code="a">New York ;</subfield>
		<subfield code="a">[then] Crestwood NY</subfield>
	</datafield>
	<datafield ind1=" " ind2=" " tag="300">
		<subfield code="c">23 cm</subfield>
	</datafield>
	<datafield ind1=" " ind2=" " tag="336">
		<subfield code="b">txt</subfield>
		<subfield code="2">rdacontent</subfield>
	</datafield>
	<datafield ind1=" " ind2=" " tag="337">
		<subfield code="b">n</subfield>
		<subfield code="2">rdamedia</subfield>
	</datafield>
	<datafield ind1=" " ind2=" " tag="338">
		<subfield code="b">nc</subfield>
		<subfield code="2">rdacarrier</subfield>
	</datafield>
	<datafield ind1=" " ind2=" " tag="339">
		<subfield code="a">docmaintype_serial</subfield>
	</datafield>
	<datafield ind1=" " ind2=" " tag="580">
		<subfield code="a">Devient: St. Vladimir's theological quarterly</subfield>
	</datafield>
	<datafield ind1=" " ind2="7" tag="650">
		<subfield code="a">Théologie orthodoxe</subfield>
		<subfield code="2">rero</subfield>
	</datafield>
	<datafield ind1=" " ind2="7" tag="655">
		<subfield code="a">[Périodiques]</subfield>
		<subfield code="2">rero</subfield>
	</datafield>
	<datafield ind1="2" ind2=" " tag="710">
		<subfield code="a">Saint Vladimir's Orthodox Theological Seminary (Crestwood NY)</subfield>
		<subfield code="0">(IDREF)235593176</subfield>
	</datafield>
	<datafield ind1="1" ind2="0" tag="785">
		<subfield code="t">St. Vladimir's theological quarterly</subfield>
		<subfield code="w">REROILS:2000039</subfield>
	</datafield>
	<datafield ind1=" " ind2=" " tag="900">
		<subfield code="a">noselfmerge</subfield>
	</datafield>
	<datafield ind1=" " ind2=" " tag="919">
		<subfield code="9">650 _7</subfield>
		<subfield code="a">théologie orthodoxe</subfield>
		<subfield code="v">[périodique]</subfield>
		<subfield code="2">chrero</subfield>
	</datafield>
	<datafield ind1=" " ind2=" " tag="956">
		<subfield code="a">frbcuc</subfield>
	</datafield>
	<datafield ind1=" " ind2=" " tag="957">
		<subfield code="a">gewcc-</subfield>
	</datafield>
</record>