

<record>
	<leader>01140cas a22002897a 4500</leader>
	<controlfield tag="001">REROILS:2000102</controlfield>
	<controlfield tag="003">RERO</controlfield>
	<controlfield tag="005">20200121204300.0</controlfield>
	<controlfield tag="008">911108u        xx |||m|| ||||0 || 0und d</controlfield>
	<datafield ind1=" " ind2=" " tag="019">
		<subfield code="a">Suite BGE</subfield>
		<subfield code="9">31.01.1995/gevbpu/cga</subfield>
	</datafield>
	<datafield ind1=" " ind2=" " tag="035">
		<subfield code="a">1451269</subfield>
	</datafield>
	<datafield ind1=" " ind2="9" tag="039">
		<subfield code="a">202001212043</subfield>
		<subfield code="b">VLOAD</subfield>
		<subfield code="c">201705171417</subfield>
		<subfield code="d">VLOAD</subfield>
		<subfield code="c">200812220222</subfield>
		<subfield code="d">VLOAD</subfield>
		<subfield code="c">200709181257</subfield>
		<subfield code="d">VLOAD</subfield>
		<subfield code="y">1999022819540000</subfield>
		<subfield code="z">load</subfield>
	</datafield>
	<datafield ind1=" " ind2=" " tag="040">
		<subfield code="a">RERO geubfd</subfield>
	</datafield>
	<datafield ind1="0" ind2="0" tag="245">
		<subfield code="a">Research paper / United Nations Institute for Disarmament Research</subfield>
	</datafield>
	<datafield ind1="3" ind2=" " tag="246">
		<subfield code="a">Research papers / United Nations Institute for Disarmament Research</subfield>
	</datafield>
	<datafield ind1=" " ind2="1" tag="264">
		<subfield code="a">New York :</subfield>
		<subfield code="b">United Nations</subfield>
	</datafield>
	<datafield ind1=" " ind2=" " tag="300">
		<subfield code="c">30 cm</subfield>
	</datafield>
	<datafield ind1=" " ind2=" " tag="336">
		<subfield code="b">txt</subfield>
		<subfield code="2">rdacontent</subfield>
	</datafield>
	<datafield ind1=" " ind2=" " tag="337">
		<subfield code="b">n</subfield>
		<subfield code="2">rdamedia</subfield>
	</datafield>
	<datafield ind1=" " ind2=" " tag="338">
		<subfield code="b">nc</subfield>
		<subfield code="2">rdacarrier</subfield>
	</datafield>
	<datafield ind1=" " ind2=" " tag="339">
		<subfield code="a">docmaintype_series</subfield>
	</datafield>
	<datafield ind1=" " ind2=" " tag="500">
		<subfield code="a">Porte aussi le titre &quot;Research papers&quot;</subfield>
	</datafield>
	<datafield ind1=" " ind2=" " tag="580">
		<subfield code="a">A une éd. française : Travaux de recherche / Institut des Nations Unies pour la recherche sur le désarmenent</subfield>
	</datafield>
	<datafield ind1="2" ind2=" " tag="710">
		<subfield code="a">Nations Unies.</subfield>
		<subfield code="b">Institut pour la recherche sur le désarmement</subfield>
		<subfield code="0">(IDREF)029493641</subfield>
	</datafield>
	<datafield ind1="1" ind2=" " tag="775">
		<subfield code="t">Travaux de recherche / Institut des Nations Unies pour la recherche sur le désarmement</subfield>
		<subfield code="w">REROILS:2000004</subfield>
	</datafield>
	<datafield ind1=" " ind2=" " tag="900">
		<subfield code="a">noselfmerge</subfield>
	</datafield>
	<datafield ind1=" " ind2=" " tag="957">
		<subfield code="a">geheid</subfield>
	</datafield>
</record>