

<record>
	<leader>03222cas a2200853 a 4500</leader>
	<controlfield tag="001">REROILS:2000113</controlfield>
	<controlfield tag="003">RERO</controlfield>
	<controlfield tag="005">20200710195700.0</controlfield>
	<controlfield tag="008">000816c19829999sz |||p|| ||||1 || 0ger d</controlfield>
	<datafield ind1=" " ind2=" " tag="019">
		<subfield code="a">Notices analytiques BFD</subfield>
		<subfield code="9">06.10.1992/geubfd/maj</subfield>
	</datafield>
	<datafield ind1=" " ind2=" " tag="019">
		<subfield code="a">Les Journées 2000 n'ont pas eu lieu</subfield>
		<subfield code="9">neubfd/06.2004</subfield>
	</datafield>
	<datafield ind1=" " ind2=" " tag="019">
		<subfield code="a">Dès 2006 est publié sous forme de livre, le format passe à 23 cm</subfield>
		<subfield code="9">geubfd/04.2006</subfield>
	</datafield>
	<datafield ind1=" " ind2=" " tag="019">
		<subfield code="a">Notices analytiques TFLa</subfield>
		<subfield code="9">03.2011/iftfla</subfield>
	</datafield>
	<datafield ind1=" " ind2=" " tag="035">
		<subfield code="a">1546417</subfield>
	</datafield>
	<datafield ind1=" " ind2="9" tag="039">
		<subfield code="a">202007101957</subfield>
		<subfield code="b">VLOAD</subfield>
		<subfield code="c">202001212153</subfield>
		<subfield code="d">VLOAD</subfield>
		<subfield code="c">201907051409</subfield>
		<subfield code="d">VLOAD</subfield>
		<subfield code="c">201812041126</subfield>
		<subfield code="d">5061</subfield>
		<subfield code="y">1999022822090000</subfield>
		<subfield code="z">load</subfield>
	</datafield>
	<datafield ind1=" " ind2=" " tag="040">
		<subfield code="a">RERO geubfd</subfield>
	</datafield>
	<datafield ind1=" " ind2=" " tag="044">
		<subfield code="a">sz</subfield>
		<subfield code="c">ch-fr</subfield>
		<subfield code="a">sz</subfield>
		<subfield code="c">ch-be</subfield>
	</datafield>
	<datafield ind1=" " ind2="7" tag="072">
		<subfield code="a">s1dr</subfield>
		<subfield code="2">rero</subfield>
	</datafield>
	<datafield ind1="0" ind2="0" tag="245">
		<subfield code="a">Strassenverkehrsrechts-Tagung /</subfield>
		<subfield code="c">[veranstaltet vom] Seminar für Privatrecht der Rechtsfakultät der Universität Freiburg ; in Zusammenarbeit mit dem Automobilclub der Schweiz (ACS) und der Schweizerischen Vereinigung der Haftpflicht- und Motorfahrzeug-Versicherer (HMV)</subfield>
	</datafield>
	<datafield ind1=" " ind2="1" tag="264">
		<subfield code="a">Freiburg :</subfield>
		<subfield code="b">Seminar für Privatrecht der Rechtsfakultät ; [puis]</subfield>
		<subfield code="a">Bern :</subfield>
		<subfield code="b">Stämpfli</subfield>
	</datafield>
	<datafield ind1=" " ind2=" " tag="310">
		<subfield code="a">Bisannuel</subfield>
	</datafield>
	<datafield ind1=" " ind2=" " tag="336">
		<subfield code="b">txt</subfield>
		<subfield code="2">rdacontent</subfield>
	</datafield>
	<datafield ind1=" " ind2=" " tag="337">
		<subfield code="b">n</subfield>
		<subfield code="2">rdamedia</subfield>
	</datafield>
	<datafield ind1=" " ind2=" " tag="338">
		<subfield code="b">nc</subfield>
		<subfield code="2">rdacarrier</subfield>
	</datafield>
	<datafield ind1=" " ind2=" " tag="339">
		<subfield code="a">docmaintype_serial</subfield>
	</datafield>
	<datafield ind1="0" ind2=" " tag="362">
		<subfield code="a">1982-</subfield>
	</datafield>
	<datafield ind1=" " ind2=" " tag="500">
		<subfield code="a">Vereint die Beiträge der deutschsprachigen Tagung</subfield>
	</datafield>
	<datafield ind1=" " ind2=" " tag="500">
		<subfield code="a">Les journées 2000 n'ont pas eu lieu</subfield>
	</datafield>
	<datafield ind1=" " ind2=" " tag="580">
		<subfield code="a">A une édition en français : Journées du droit de la circulation routière</subfield>
	</datafield>
	<datafield ind1=" " ind2="7" tag="650">
		<subfield code="a">Strassenverkehrswesen</subfield>
		<subfield code="2">jurivoc</subfield>
		<subfield code="9">ger</subfield>
	</datafield>
	<datafield ind1=" " ind2="7" tag="650">
		<subfield code="a">Droit</subfield>
		<subfield code="2">rero</subfield>
	</datafield>
	<datafield ind1=" " ind2="7" tag="650">
		<subfield code="a">Circulation</subfield>
		<subfield code="2">rero</subfield>
	</datafield>
	<datafield ind1=" " ind2="7" tag="651">
		<subfield code="a">Schweiz</subfield>
		<subfield code="2">jurivoc</subfield>
		<subfield code="9">ger</subfield>
	</datafield>
	<datafield ind1=" " ind2="7" tag="651">
		<subfield code="a">Suisse</subfield>
		<subfield code="2">rero</subfield>
		<subfield code="0">(IDREF)027249654</subfield>
	</datafield>
	<datafield ind1=" " ind2="7" tag="655">
		<subfield code="a">[Actes de congrès]</subfield>
		<subfield code="2">rero</subfield>
	</datafield>
	<datafield ind1="2" ind2=" " tag="710">
		<subfield code="a">Université de Fribourg.</subfield>
		<subfield code="b">Séminaire de droit privé</subfield>
	</datafield>
	<datafield ind1="2" ind2=" " tag="710">
		<subfield code="a">Automobile Club de Suisse</subfield>
		<subfield code="0">(IDREF)19668756X</subfield>
	</datafield>
	<datafield ind1="2" ind2=" " tag="711">
		<subfield code="a">Journées du droit de la circulation routière</subfield>
		<subfield code="d">(1982- :</subfield>
		<subfield code="c">Fribourg)</subfield>
	</datafield>
	<datafield ind1="1" ind2=" " tag="775">
		<subfield code="t">Journées du droit de la circulation routière</subfield>
		<subfield code="w">REROILS:2000067</subfield>
	</datafield>
	<datafield ind1=" " ind2=" " tag="900">
		<subfield code="a">bdscumul</subfield>
	</datafield>
	<datafield ind1=" " ind2=" " tag="900">
		<subfield code="a">noselfmerge</subfield>
	</datafield>
	<datafield ind1=" " ind2=" " tag="901">
		<subfield code="a">bfrc1</subfield>
	</datafield>
	<datafield ind1=" " ind2=" " tag="901">
		<subfield code="a">bfrc2</subfield>
	</datafield>
	<datafield ind1=" " ind2=" " tag="901">
		<subfield code="a">bfrcc</subfield>
	</datafield>
	<datafield ind1=" " ind2=" " tag="901">
		<subfield code="a">frautuni</subfield>
	</datafield>
	<datafield ind1=" " ind2=" " tag="901">
		<subfield code="a">fribu</subfield>
	</datafield>
	<datafield ind1=" " ind2=" " tag="903">
		<subfield code="a">tflap</subfield>
		<subfield code="b">0</subfield>
		<subfield code="c">CH04</subfield>
	</datafield>
	<datafield ind1=" " ind2=" " tag="903">
		<subfield code="a">tflad</subfield>
		<subfield code="b">0</subfield>
		<subfield code="c">CH04</subfield>
	</datafield>
	<datafield ind1=" " ind2=" " tag="903">
		<subfield code="a">tafmo</subfield>
		<subfield code="b">201811</subfield>
		<subfield code="c">05.08.A</subfield>
	</datafield>
	<datafield ind1=" " ind2=" " tag="903">
		<subfield code="a">tfluacb</subfield>
		<subfield code="b">2014</subfield>
		<subfield code="c">chp</subfield>
		<subfield code="c">1</subfield>
	</datafield>
	<datafield ind1=" " ind2=" " tag="903">
		<subfield code="a">tfluacb</subfield>
		<subfield code="b">2016</subfield>
		<subfield code="c">chp</subfield>
		<subfield code="c">1</subfield>
	</datafield>
	<datafield ind1=" " ind2=" " tag="919">
		<subfield code="9">650 _7</subfield>
		<subfield code="a">circulation routière</subfield>
		<subfield code="x">* droit</subfield>
		<subfield code="z">Suisse</subfield>
		<subfield code="v">[congrès]</subfield>
		<subfield code="2">chrero</subfield>
	</datafield>
	<datafield ind1=" " ind2=" " tag="948">
		<subfield code="a">1982-1998 ; 2002-</subfield>
		<subfield code="9">iftfla</subfield>
	</datafield>
	<datafield ind1=" " ind2=" " tag="948">
		<subfield code="a">1984-1990 ; 2008-</subfield>
		<subfield code="9">iftflu</subfield>
	</datafield>
	<datafield ind1=" " ind2=" " tag="953">
		<subfield code="a">ifisdc ifofj- iftaf- iftfla iftflu</subfield>
	</datafield>
	<datafield ind1=" " ind2=" " tag="956">
		<subfield code="a">frbcuc frvtcf</subfield>
	</datafield>
	<datafield ind1=" " ind2=" " tag="957">
		<subfield code="a">geubfd</subfield>
	</datafield>
	<datafield ind1=" " ind2=" " tag="960">
		<subfield code="a">jutc--</subfield>
	</datafield>
	<datafield ind1=" " ind2=" " tag="962">
		<subfield code="a">neubfd</subfield>
	</datafield>
	<datafield ind1=" " ind2=" " tag="973">
		<subfield code="a">vstcvs</subfield>
	</datafield>
	<datafield ind1=" " ind2=" " tag="980">
		<subfield code="2">dr-sys</subfield>
		<subfield code="a">CA/CH 51.1 e</subfield>
	</datafield>
	<datafield ind1=" " ind2=" " tag="980">
		<subfield code="2">dr-sys</subfield>
		<subfield code="a">CA/CH 12 e</subfield>
	</datafield>
	<datafield ind1=" " ind2=" " tag="980">
		<subfield code="2">dr-sys</subfield>
		<subfield code="a">CA/CH 75.1 e</subfield>
	</datafield>
	<datafield ind1=" " ind2=" " tag="981">
		<subfield code="2">BF</subfield>
		<subfield code="a">6.64.6.Séminaire de droit privé</subfield>
	</datafield>
	<datafield ind1=" " ind2=" " tag="982">
		<subfield code="2">dr-geubfd</subfield>
		<subfield code="a">CA/CH 51.1 e JOD/AL [dates diverses]</subfield>
	</datafield>
	<datafield ind1=" " ind2=" " tag="982">
		<subfield code="2">dr-geubfd</subfield>
		<subfield code="a">CA/CH 51.1 e JOD/AL</subfield>
	</datafield>
	<datafield ind1=" " ind2=" " tag="983">
		<subfield code="2">iftfla</subfield>
		<subfield code="a">TFLa M 1/148</subfield>
	</datafield>
	<datafield ind1=" " ind2=" " tag="983">
		<subfield code="2">iftflu</subfield>
		<subfield code="a">TFLu 24/31</subfield>
	</datafield>
	<datafield ind1=" " ind2=" " tag="983">
		<subfield code="2">iftaf-</subfield>
		<subfield code="a">CA/CH 51.1 e STTA</subfield>
	</datafield>
	<datafield ind1=" " ind2=" " tag="983">
		<subfield code="2">ifofj-</subfield>
		<subfield code="a">CA/CH 51.1 e STVT</subfield>
	</datafield>
	<datafield ind1=" " ind2=" " tag="984">
		<subfield code="2">dr-neubfd</subfield>
		<subfield code="a">CA/CH 51.1 e JOD/AL</subfield>
	</datafield>
	<datafield ind1=" " ind2=" " tag="986">
		<subfield code="2">dr-vs</subfield>
		<subfield code="a">CA/CH 51.1 e JOD/AL</subfield>
	</datafield>
	<datafield ind1=" " ind2=" " tag="992">
		<subfield code="a">BFDZ 1035</subfield>
		<subfield code="x">ge/ubfd/a</subfield>
	</datafield>
	<datafield ind1=" " ind2=" " tag="996">
		<subfield code="a">TCVSP 99</subfield>
		<subfield code="c">CA/CH 51.1 e JOD/AL</subfield>
		<subfield code="x">vs/tcvs/a</subfield>
	</datafield>
</record>