

<record>
	<leader>01721nas a2200445 a 4500</leader>
	<controlfield tag="001">REROILS:2000090</controlfield>
	<controlfield tag="003">RERO</controlfield>
	<controlfield tag="005">20181116191400.0</controlfield>
	<controlfield tag="008">901122d19892006sz |||m|| ||||0 || 0fre d</controlfield>
	<datafield ind1=" " ind2=" " tag="022">
		<subfield code="a">1017-0731</subfield>
	</datafield>
	<datafield ind1=" " ind2=" " tag="035">
		<subfield code="a">1312829</subfield>
	</datafield>
	<datafield ind1=" " ind2="9" tag="039">
		<subfield code="a">201811161914</subfield>
		<subfield code="b">VLOAD</subfield>
		<subfield code="c">201807021523</subfield>
		<subfield code="d">VLOAD</subfield>
		<subfield code="c">201804190734</subfield>
		<subfield code="d">VLOAD</subfield>
		<subfield code="c">201706101603</subfield>
		<subfield code="d">VLOAD</subfield>
		<subfield code="y">1999022816390000</subfield>
		<subfield code="z">load</subfield>
	</datafield>
	<datafield ind1=" " ind2=" " tag="040">
		<subfield code="a">RERO vsbcvs</subfield>
	</datafield>
	<datafield ind1=" " ind2=" " tag="044">
		<subfield code="a">sz</subfield>
		<subfield code="c">ch-vs</subfield>
	</datafield>
	<datafield ind1=" " ind2="7" tag="072">
		<subfield code="a">s1et</subfield>
		<subfield code="2">rero</subfield>
	</datafield>
	<datafield ind1="0" ind2="0" tag="245">
		<subfield code="a">Cahiers d'ethnologie valaisanne /</subfield>
		<subfield code="c">Musée cantonal d'histoire et d'ethnographie Valère - Laboratoire de recherche en ethnologie régionale contemporaine ; [éd. par les Musées cantonaux du Valais]</subfield>
	</datafield>
	<datafield ind1="3" ind2=" " tag="246">
		<subfield code="a">Cahiers d'ethnologie</subfield>
	</datafield>
	<datafield ind1=" " ind2="1" tag="264">
		<subfield code="a">Sion :</subfield>
		<subfield code="b">Ed. des Musées cantonaux du Valais ;</subfield>
		<subfield code="a">[puis] Lausanne :</subfield>
		<subfield code="b">Payot</subfield>
	</datafield>
	<datafield ind1=" " ind2=" " tag="300">
		<subfield code="c">25 cm</subfield>
	</datafield>
	<datafield ind1=" " ind2=" " tag="336">
		<subfield code="b">txt</subfield>
		<subfield code="2">rdacontent</subfield>
	</datafield>
	<datafield ind1=" " ind2=" " tag="337">
		<subfield code="b">n</subfield>
		<subfield code="2">rdamedia</subfield>
	</datafield>
	<datafield ind1=" " ind2=" " tag="338">
		<subfield code="b">nc</subfield>
		<subfield code="2">rdacarrier</subfield>
	</datafield>
	<datafield ind1=" " ind2=" " tag="339">
		<subfield code="a">docmaintype_series</subfield>
	</datafield>
	<datafield ind1="0" ind2=" " tag="362">
		<subfield code="a">N⁰ 1(1989)-n°4(1995) ; n° 6(2001)-07(2006)</subfield>
	</datafield>
	<datafield ind1=" " ind2=" " tag="500">
		<subfield code="a">Titre en couv.: Cahiers d'ethnologie</subfield>
	</datafield>
	<datafield ind1=" " ind2=" " tag="580">
		<subfield code="a">Devient: Cahiers du Musée d'histoire du Valais</subfield>
	</datafield>
	<datafield ind1=" " ind2=" " tag="580">
		<subfield code="a">Autre édition: Ethnologische Reihe</subfield>
	</datafield>
	<datafield ind1=" " ind2="7" tag="650">
		<subfield code="a">Ethnologie</subfield>
		<subfield code="2">rero</subfield>
	</datafield>
	<datafield ind1=" " ind2="7" tag="651">
		<subfield code="a">Valais (Suisse)</subfield>
		<subfield code="2">rero</subfield>
	</datafield>
	<datafield ind1=" " ind2="7" tag="655">
		<subfield code="a">[Périodiques]</subfield>
		<subfield code="2">rero</subfield>
	</datafield>
	<datafield ind1="2" ind2=" " tag="710">
		<subfield code="a">Musées cantonaux du Valais</subfield>
	</datafield>
	<datafield ind1="2" ind2=" " tag="710">
		<subfield code="a">Musée cantonal d'histoire et d'ethnographie (Sion).</subfield>
		<subfield code="b">Laboratoire de recherche en ethnologie régionale contemporaine</subfield>
	</datafield>
	<datafield ind1="1" ind2=" " tag="775">
		<subfield code="t">Ethnologische Reihe</subfield>
		<subfield code="w">REROILS:2000091</subfield>
	</datafield>
	<datafield ind1="1" ind2="0" tag="785">
		<subfield code="t">Cahiers du Musée d'histoire du Valais</subfield>
	</datafield>
	<datafield ind1=" " ind2=" " tag="900">
		<subfield code="a">noselfmerge</subfield>
	</datafield>
	<datafield ind1=" " ind2=" " tag="919">
		<subfield code="9">651 _7</subfield>
		<subfield code="a">Valais (Suisse)</subfield>
		<subfield code="x">* ethnologie</subfield>
		<subfield code="v">[périodique]</subfield>
		<subfield code="2">chrero</subfield>
	</datafield>
	<datafield ind1=" " ind2=" " tag="957">
		<subfield code="a">geveth</subfield>
	</datafield>
	<datafield ind1=" " ind2=" " tag="962">
		<subfield code="a">neueth</subfield>
	</datafield>
	<datafield ind1=" " ind2=" " tag="973">
		<subfield code="a">vsbcvs vsecav</subfield>
	</datafield>
	<datafield ind1=" " ind2=" " tag="994">
		<subfield code="a">NET EH 374</subfield>
		<subfield code="x">ne/ueie/w 1(1989)-&gt;</subfield>
	</datafield>
</record>