

<record>
	<leader>00612nas a22002177a 4500</leader>
	<controlfield tag="001">REROILS:2000092</controlfield>
	<controlfield tag="003">RERO</controlfield>
	<controlfield tag="005">20170517091800.0</controlfield>
	<controlfield tag="008">900823u        xx |||m|| ||||0 || 0und d</controlfield>
	<datafield ind1=" " ind2=" " tag="035">
		<subfield code="a">1279484</subfield>
	</datafield>
	<datafield ind1=" " ind2="9" tag="039">
		<subfield code="a">201705170918</subfield>
		<subfield code="b">VLOAD</subfield>
		<subfield code="c">200605271810</subfield>
		<subfield code="d">VLOAD</subfield>
		<subfield code="c">200309110912</subfield>
		<subfield code="d">1000</subfield>
		<subfield code="y">1999022815530000</subfield>
		<subfield code="z">load</subfield>
	</datafield>
	<datafield ind1=" " ind2=" " tag="040">
		<subfield code="a">RERO labcur</subfield>
	</datafield>
	<datafield ind1="0" ind2="0" tag="245">
		<subfield code="a">Exerçons-nous</subfield>
	</datafield>
	<datafield ind1=" " ind2="1" tag="264">
		<subfield code="a">Paris ;</subfield>
		<subfield code="a">Vanves :</subfield>
		<subfield code="b">Hachette</subfield>
	</datafield>
	<datafield ind1=" " ind2=" " tag="336">
		<subfield code="b">txt</subfield>
		<subfield code="2">rdacontent</subfield>
	</datafield>
	<datafield ind1=" " ind2=" " tag="337">
		<subfield code="b">n</subfield>
		<subfield code="2">rdamedia</subfield>
	</datafield>
	<datafield ind1=" " ind2=" " tag="338">
		<subfield code="b">nc</subfield>
		<subfield code="2">rdacarrier</subfield>
	</datafield>
	<datafield ind1=" " ind2=" " tag="339">
		<subfield code="a">docmaintype_series</subfield>
	</datafield>
	<datafield ind1=" " ind2=" " tag="900">
		<subfield code="a">noselfmerge</subfield>
	</datafield>
	<datafield ind1=" " ind2=" " tag="900">
		<subfield code="a">reroslsp</subfield>
	</datafield>
</record>