

<record>
	<leader>02283nas a2200529 a 4500</leader>
	<controlfield tag="001">REROILS:2000108</controlfield>
	<controlfield tag="003">RERO</controlfield>
	<controlfield tag="005">20200713082300.0</controlfield>
	<controlfield tag="008">000829d19431990sz |||p|| ||||0 || 0ger d</controlfield>
	<datafield ind1=" " ind2=" " tag="035">
		<subfield code="a">0078863</subfield>
	</datafield>
	<datafield ind1=" " ind2=" " tag="039">
		<subfield code="b">8401c</subfield>
		<subfield code="b">6007</subfield>
	</datafield>
	<datafield ind1=" " ind2="9" tag="039">
		<subfield code="a">202007130823</subfield>
		<subfield code="b">VLOAD</subfield>
		<subfield code="c">201811161909</subfield>
		<subfield code="d">VLOAD</subfield>
		<subfield code="c">201806301559</subfield>
		<subfield code="d">VLOAD</subfield>
		<subfield code="c">201706101256</subfield>
		<subfield code="d">VLOAD</subfield>
		<subfield code="y">1999022711550000</subfield>
		<subfield code="z">load</subfield>
	</datafield>
	<datafield ind1=" " ind2=" " tag="040">
		<subfield code="a">RERO gevbpu</subfield>
	</datafield>
	<datafield ind1="0" ind2=" " tag="041">
		<subfield code="a">ger</subfield>
		<subfield code="a">fre</subfield>
	</datafield>
	<datafield ind1=" " ind2=" " tag="044">
		<subfield code="a">sz</subfield>
		<subfield code="c">ch-be</subfield>
	</datafield>
	<datafield ind1=" " ind2="7" tag="072">
		<subfield code="a">s1ps</subfield>
		<subfield code="2">rero</subfield>
	</datafield>
	<datafield ind1="0" ind2="0" tag="245">
		<subfield code="a">Beiheft zur Schweizerischen Zeitschrift für Psychologie und Ihre Anwendungen =</subfield>
		<subfield code="b">Supplément à la Revue suisse de psychologie pure et appliquée</subfield>
	</datafield>
	<datafield ind1="3" ind2=" " tag="246">
		<subfield code="a">Supplément à la Revue suisse de psychologie pure et appliquée</subfield>
	</datafield>
	<datafield ind1="3" ind2=" " tag="246">
		<subfield code="a">Schweizerische Zeitschrift für Psychologie und Ihre Anwendungen.</subfield>
		<subfield code="p">Beiheft</subfield>
	</datafield>
	<datafield ind1="3" ind2=" " tag="246">
		<subfield code="a">Revue suisse de psychologie pure et appliquée.</subfield>
		<subfield code="p">Supplément</subfield>
	</datafield>
	<datafield ind1=" " ind2="1" tag="264">
		<subfield code="a">Bern ;</subfield>
		<subfield code="a">Stuttgart [etc.] :</subfield>
		<subfield code="b">H. Huber,</subfield>
		<subfield code="c">1943-1990</subfield>
	</datafield>
	<datafield ind1=" " ind2=" " tag="300">
		<subfield code="c">23 &amp; 22 cm</subfield>
	</datafield>
	<datafield ind1=" " ind2=" " tag="336">
		<subfield code="b">txt</subfield>
		<subfield code="2">rdacontent</subfield>
	</datafield>
	<datafield ind1=" " ind2=" " tag="337">
		<subfield code="b">n</subfield>
		<subfield code="2">rdamedia</subfield>
	</datafield>
	<datafield ind1=" " ind2=" " tag="338">
		<subfield code="b">nc</subfield>
		<subfield code="2">rdacarrier</subfield>
	</datafield>
	<datafield ind1=" " ind2=" " tag="339">
		<subfield code="a">docmaintype_serial</subfield>
	</datafield>
	<datafield ind1="0" ind2=" " tag="362">
		<subfield code="a">Nr. 1(1945) - Nr. 64(1990)</subfield>
	</datafield>
	<datafield ind1=" " ind2=" " tag="500">
		<subfield code="a">Variante du titre du vol. 2(1943) au vol. 5(1944) : Schweizerische Zeitschrift für Psychologie und ihre Anwendungen. Beiheft = Revue suisse de psychologie pure et appliquée. Supplément</subfield>
	</datafield>
	<datafield ind1=" " ind2=" " tag="580">
		<subfield code="a">Suppl. de: Schweizerische Zeitschrift für Psychologie und ihre Anwendungen = Revue suisse de psychologie pure et appliquée</subfield>
	</datafield>
	<datafield ind1=" " ind2=" " tag="580">
		<subfield code="a">Contient de 1945 à 1957 : Graphologia</subfield>
	</datafield>
	<datafield ind1=" " ind2=" " tag="580">
		<subfield code="a">Contient de 1945 à 1990 : Rorschachiana : yearbook of the International Rorschach Society</subfield>
	</datafield>
	<datafield ind1=" " ind2=" " tag="580">
		<subfield code="a">Contient de 1953 à 1974 : Szondiana</subfield>
	</datafield>
	<datafield ind1=" " ind2="7" tag="650">
		<subfield code="a">Psychologie</subfield>
		<subfield code="2">rero</subfield>
	</datafield>
	<datafield ind1=" " ind2="7" tag="650">
		<subfield code="a">Psychologie appliquée</subfield>
		<subfield code="2">rero</subfield>
	</datafield>
	<datafield ind1=" " ind2="7" tag="655">
		<subfield code="a">[Périodiques]</subfield>
		<subfield code="2">rero</subfield>
	</datafield>
	<datafield ind1="1" ind2=" " tag="772">
		<subfield code="t">Schweizerische Zeitschrift für Psychologie und ihre Anwendungen</subfield>
		<subfield code="w">REROILS:2000019</subfield>
	</datafield>
	<datafield ind1="1" ind2=" " tag="777">
		<subfield code="t">Graphologia</subfield>
		<subfield code="w">REROILS:2000125</subfield>
	</datafield>
	<datafield ind1="1" ind2=" " tag="777">
		<subfield code="t">Rorschachiana : yearbook of the International Rorschach Society</subfield>
		<subfield code="w">REROILS:2000126</subfield>
	</datafield>
	<datafield ind1="1" ind2=" " tag="777">
		<subfield code="t">Szondiana</subfield>
		<subfield code="w">REROILS:2000124</subfield>
	</datafield>
	<datafield ind1=" " ind2=" " tag="900">
		<subfield code="a">noselfmerge</subfield>
	</datafield>
	<datafield ind1=" " ind2=" " tag="919">
		<subfield code="9">650 _7</subfield>
		<subfield code="a">psychologie</subfield>
		<subfield code="v">[périodique]</subfield>
		<subfield code="2">chrero</subfield>
	</datafield>
	<datafield ind1=" " ind2=" " tag="919">
		<subfield code="9">650 _7</subfield>
		<subfield code="a">psychologie appliquée</subfield>
		<subfield code="v">[périodique]</subfield>
		<subfield code="2">chrero</subfield>
	</datafield>
	<datafield ind1=" " ind2=" " tag="956">
		<subfield code="a">frbcuc</subfield>
	</datafield>
	<datafield ind1=" " ind2=" " tag="957">
		<subfield code="a">gevbge</subfield>
	</datafield>
	<datafield ind1=" " ind2=" " tag="962">
		<subfield code="a">nebpun</subfield>
	</datafield>
	<datafield ind1=" " ind2=" " tag="981">
		<subfield code="2">HPAED</subfield>
		<subfield code="a">BE</subfield>
	</datafield>
	<datafield ind1=" " ind2=" " tag="992">
		<subfield code="a">BGE CB 1428</subfield>
		<subfield code="x">ge/vbge/a</subfield>
	</datafield>
</record>