

<record>
	<leader>02961cas a2200805 a 4500</leader>
	<controlfield tag="001">REROILS:2000103</controlfield>
	<controlfield tag="003">RERO</controlfield>
	<controlfield tag="005">20201021123600.0</controlfield>
	<controlfield tag="008">000927d19121929sz |||p|| ||||0 || 0fre d</controlfield>
	<datafield ind1=" " ind2=" " tag="035">
		<subfield code="a">0125522</subfield>
	</datafield>
	<datafield ind1=" " ind2=" " tag="039">
		<subfield code="b">9400c</subfield>
	</datafield>
	<datafield ind1=" " ind2="9" tag="039">
		<subfield code="a">202010211236</subfield>
		<subfield code="b">VLOAD</subfield>
		<subfield code="c">202009281538</subfield>
		<subfield code="d">5008</subfield>
		<subfield code="c">202007102247</subfield>
		<subfield code="d">VLOAD</subfield>
		<subfield code="c">201907181658</subfield>
		<subfield code="d">5061</subfield>
		<subfield code="y">1999022713110000</subfield>
		<subfield code="z">load</subfield>
	</datafield>
	<datafield ind1=" " ind2=" " tag="040">
		<subfield code="a">RERO</subfield>
	</datafield>
	<datafield ind1=" " ind2=" " tag="044">
		<subfield code="a">sz</subfield>
		<subfield code="c">ch-vd</subfield>
	</datafield>
	<datafield ind1=" " ind2="7" tag="072">
		<subfield code="a">s1dr</subfield>
		<subfield code="2">rero</subfield>
	</datafield>
	<datafield ind1="0" ind2="0" tag="245">
		<subfield code="a">Journal des tribunaux et revue judiciaire.</subfield>
		<subfield code="p">Poursuite pour dettes</subfield>
	</datafield>
	<datafield ind1=" " ind2="1" tag="264">
		<subfield code="a">Lausanne :</subfield>
		<subfield code="b">Journal des tribunaux,</subfield>
		<subfield code="c">1912-1929</subfield>
	</datafield>
	<datafield ind1=" " ind2=" " tag="300">
		<subfield code="c">23 cm</subfield>
	</datafield>
	<datafield ind1=" " ind2=" " tag="336">
		<subfield code="b">txt</subfield>
		<subfield code="2">rdacontent</subfield>
	</datafield>
	<datafield ind1=" " ind2=" " tag="337">
		<subfield code="b">n</subfield>
		<subfield code="2">rdamedia</subfield>
	</datafield>
	<datafield ind1=" " ind2=" " tag="338">
		<subfield code="b">nc</subfield>
		<subfield code="2">rdacarrier</subfield>
	</datafield>
	<datafield ind1=" " ind2=" " tag="339">
		<subfield code="a">docmaintype_serial</subfield>
	</datafield>
	<datafield ind1="0" ind2=" " tag="362">
		<subfield code="a">Année 60(1912) - année 77(1929)</subfield>
	</datafield>
	<datafield ind1=" " ind2=" " tag="580">
		<subfield code="a">Fait suite après scission à: Journal des tribunaux et revue judiciaire. Poursuite pour dettes et droit cantonal. Devient: Journal des tribunaux. 2, Poursuite pour dettes</subfield>
	</datafield>
	<datafield ind1=" " ind2="7" tag="650">
		<subfield code="a">poursuite pour dettes</subfield>
		<subfield code="2">rerovoc</subfield>
	</datafield>
	<datafield ind1=" " ind2="7" tag="650">
		<subfield code="a">Schuldbetreibungs- und Konkursrecht</subfield>
		<subfield code="2">jurivoc</subfield>
		<subfield code="9">ger</subfield>
	</datafield>
	<datafield ind1=" " ind2="7" tag="650">
		<subfield code="a">Gerichts- und Verwaltungspraxis</subfield>
		<subfield code="2">jurivoc</subfield>
		<subfield code="9">ger</subfield>
	</datafield>
	<datafield ind1=" " ind2="7" tag="650">
		<subfield code="a">richterliche Behörde</subfield>
		<subfield code="2">jurivoc</subfield>
		<subfield code="9">ger</subfield>
	</datafield>
	<datafield ind1=" " ind2="7" tag="650">
		<subfield code="a">oberstes Gericht</subfield>
		<subfield code="2">jurivoc</subfield>
		<subfield code="9">ger</subfield>
	</datafield>
	<datafield ind1=" " ind2="7" tag="650">
		<subfield code="a">Bundesgericht</subfield>
		<subfield code="2">jurivoc</subfield>
		<subfield code="9">ger</subfield>
	</datafield>
	<datafield ind1=" " ind2="7" tag="651">
		<subfield code="a">Suisse</subfield>
		<subfield code="2">rero</subfield>
		<subfield code="0">(IDREF)027249654</subfield>
	</datafield>
	<datafield ind1=" " ind2="7" tag="651">
		<subfield code="a">Schweiz</subfield>
		<subfield code="2">jurivoc</subfield>
		<subfield code="9">ger</subfield>
	</datafield>
	<datafield ind1=" " ind2="7" tag="655">
		<subfield code="a">[Jurisprudence]</subfield>
		<subfield code="2">rero</subfield>
	</datafield>
	<datafield ind1=" " ind2="7" tag="655">
		<subfield code="a">[Périodiques]</subfield>
		<subfield code="2">rero</subfield>
	</datafield>
	<datafield ind1=" " ind2="7" tag="655">
		<subfield code="a">Entscheidsammlung</subfield>
		<subfield code="2">jurivoc</subfield>
		<subfield code="9">ger</subfield>
	</datafield>
	<datafield ind1=" " ind2="7" tag="655">
		<subfield code="a">Periodikum</subfield>
		<subfield code="2">jurivoc</subfield>
		<subfield code="9">ger</subfield>
	</datafield>
	<datafield ind1="1" ind2="0" tag="780">
		<subfield code="t">Journal des tribunaux et revue judiciaire. Poursuite pour dettes et droit cantonal</subfield>
		<subfield code="w">REROILS:2000127</subfield>
	</datafield>
	<datafield ind1="1" ind2="0" tag="785">
		<subfield code="t">Journal des tribunaux (Lausanne : 1930). 2, Poursuite pour dettes</subfield>
		<subfield code="w">REROILS:2000022</subfield>
	</datafield>
	<datafield ind1=" " ind2=" " tag="900">
		<subfield code="a">noselfmerge</subfield>
	</datafield>
	<datafield ind1=" " ind2=" " tag="903">
		<subfield code="a">tafper</subfield>
	</datafield>
	<datafield ind1=" " ind2=" " tag="903">
		<subfield code="a">ofjper</subfield>
		<subfield code="c">04</subfield>
	</datafield>
	<datafield ind1=" " ind2=" " tag="903">
		<subfield code="a">tflabg05P52</subfield>
		<subfield code="b">200202</subfield>
	</datafield>
	<datafield ind1=" " ind2=" " tag="903">
		<subfield code="a">tflap</subfield>
		<subfield code="b">0</subfield>
		<subfield code="c">CH02</subfield>
	</datafield>
	<datafield ind1=" " ind2=" " tag="903">
		<subfield code="a">tflup</subfield>
		<subfield code="b">0</subfield>
		<subfield code="c">CH03</subfield>
	</datafield>
	<datafield ind1=" " ind2=" " tag="919">
		<subfield code="9">650 _7</subfield>
		<subfield code="a">poursuite pour dettes</subfield>
		<subfield code="z">Suisse</subfield>
		<subfield code="v">[jurisprudence]</subfield>
		<subfield code="2">chrero</subfield>
	</datafield>
	<datafield ind1=" " ind2=" " tag="919">
		<subfield code="9">650 _7</subfield>
		<subfield code="a">poursuite pour dettes</subfield>
		<subfield code="z">Suisse</subfield>
		<subfield code="v">[périodique]</subfield>
		<subfield code="2">chrero</subfield>
	</datafield>
	<datafield ind1=" " ind2=" " tag="919">
		<subfield code="9">651 _7</subfield>
		<subfield code="a">Suisse</subfield>
		<subfield code="v">[jurisprudence]</subfield>
		<subfield code="2">chrero</subfield>
	</datafield>
	<datafield ind1=" " ind2=" " tag="919">
		<subfield code="9">651 _7</subfield>
		<subfield code="a">Suisse</subfield>
		<subfield code="v">[périodique]</subfield>
		<subfield code="2">chrero</subfield>
	</datafield>
	<datafield ind1=" " ind2=" " tag="948">
		<subfield code="a">Année 60(1912) - 77(1929)</subfield>
		<subfield code="9">iftfla</subfield>
	</datafield>
	<datafield ind1=" " ind2=" " tag="948">
		<subfield code="a">Année 66(1918) - 77(1929)</subfield>
		<subfield code="9">iftflu</subfield>
	</datafield>
	<datafield ind1=" " ind2=" " tag="953">
		<subfield code="a">ifisdc iftaf- ifofj- iftfla iftflu</subfield>
	</datafield>
	<datafield ind1=" " ind2=" " tag="956">
		<subfield code="a">frbcuc frvtcf</subfield>
	</datafield>
	<datafield ind1=" " ind2=" " tag="957">
		<subfield code="a">gecjpj geubfd geudbu gevbge</subfield>
	</datafield>
	<datafield ind1=" " ind2=" " tag="962">
		<subfield code="a">neubfd</subfield>
	</datafield>
	<datafield ind1=" " ind2=" " tag="973">
		<subfield code="a">vsbcvs vstcvs</subfield>
	</datafield>
	<datafield ind1=" " ind2=" " tag="980">
		<subfield code="2">dr-sys</subfield>
		<subfield code="a">CA/CH 11 d</subfield>
	</datafield>
	<datafield ind1=" " ind2=" " tag="982">
		<subfield code="2">dr-geubfd</subfield>
		<subfield code="a">CA/CH 11 d JOTR</subfield>
	</datafield>
	<datafield ind1=" " ind2=" " tag="982">
		<subfield code="2">dr-gecjpj</subfield>
		<subfield code="a">CA/CH 11 d JOTR</subfield>
	</datafield>
	<datafield ind1=" " ind2=" " tag="983">
		<subfield code="2">iftaf-</subfield>
		<subfield code="a">Per JdT</subfield>
	</datafield>
	<datafield ind1=" " ind2=" " tag="983">
		<subfield code="2">isdc</subfield>
		<subfield code="a">CA/CH 11 d JOTR</subfield>
	</datafield>
	<datafield ind1=" " ind2=" " tag="983">
		<subfield code="2">iftfla</subfield>
		<subfield code="a">TFLa A 10/10-</subfield>
	</datafield>
	<datafield ind1=" " ind2=" " tag="983">
		<subfield code="2">iftflu</subfield>
		<subfield code="a">TFLu 25 A/3</subfield>
	</datafield>
	<datafield ind1=" " ind2=" " tag="983">
		<subfield code="2">ifofj-</subfield>
		<subfield code="a">Per CA/CH 11 d JT</subfield>
	</datafield>
	<datafield ind1=" " ind2=" " tag="984">
		<subfield code="2">dr-neubfd</subfield>
		<subfield code="a">CA/CH 11 d JOTR</subfield>
	</datafield>
	<datafield ind1=" " ind2=" " tag="986">
		<subfield code="2">dr-vs</subfield>
		<subfield code="a">CA/CH 11 d JOTR</subfield>
	</datafield>
	<datafield ind1=" " ind2=" " tag="992">
		<subfield code="a">BFDZ 75/2</subfield>
		<subfield code="x">ge/ubfd/a</subfield>
	</datafield>
	<datafield ind1=" " ind2=" " tag="992">
		<subfield code="a">BPJP 33</subfield>
		<subfield code="x">ge/cjpj/a/bc/x</subfield>
	</datafield>
	<datafield ind1=" " ind2=" " tag="992">
		<subfield code="a">BPJP 33</subfield>
		<subfield code="x">ge/cjpj/a/cj/x</subfield>
	</datafield>
	<datafield ind1=" " ind2=" " tag="992">
		<subfield code="a">BGE DA 414</subfield>
		<subfield code="x">ge/vbge/a</subfield>
	</datafield>
	<datafield ind1=" " ind2=" " tag="996">
		<subfield code="a">TCVSP 64</subfield>
		<subfield code="c">CA/CH 11 d JOTR</subfield>
		<subfield code="x">vs/tcvs/a</subfield>
	</datafield>
</record>