

<record>
	<leader>00960nas a22002657a 4500</leader>
	<controlfield tag="001">REROILS:2000116</controlfield>
	<controlfield tag="003">RERO</controlfield>
	<controlfield tag="005">20190705125700.0</controlfield>
	<controlfield tag="008">140307c20139999it |||m|| ||||0 || 0ita d</controlfield>
	<datafield ind1=" " ind2=" " tag="035">
		<subfield code="a">R007668405</subfield>
	</datafield>
	<datafield ind1=" " ind2="9" tag="039">
		<subfield code="a">201907051257</subfield>
		<subfield code="b">VLOAD</subfield>
		<subfield code="c">201706011544</subfield>
		<subfield code="d">VLOAD</subfield>
		<subfield code="y">201403071351</subfield>
		<subfield code="z">8733</subfield>
	</datafield>
	<datafield ind1=" " ind2=" " tag="040">
		<subfield code="a">RERO ifisdc</subfield>
	</datafield>
	<datafield ind1=" " ind2="7" tag="072">
		<subfield code="a">s1dr</subfield>
		<subfield code="2">rero</subfield>
	</datafield>
	<datafield ind1="0" ind2="0" tag="245">
		<subfield code="a">Pubblicazioni del Dipartimento di giurisprudenza, Università di Macerata.</subfield>
		<subfield code="p">Nuova Serie</subfield>
	</datafield>
	<datafield ind1=" " ind2="1" tag="264">
		<subfield code="a">Milano :</subfield>
		<subfield code="b">A. Giuffrè</subfield>
	</datafield>
	<datafield ind1=" " ind2=" " tag="336">
		<subfield code="b">txt</subfield>
		<subfield code="2">rdacontent</subfield>
	</datafield>
	<datafield ind1=" " ind2=" " tag="337">
		<subfield code="b">n</subfield>
		<subfield code="2">rdamedia</subfield>
	</datafield>
	<datafield ind1=" " ind2=" " tag="338">
		<subfield code="b">nc</subfield>
		<subfield code="2">rdacarrier</subfield>
	</datafield>
	<datafield ind1=" " ind2=" " tag="339">
		<subfield code="a">docmaintype_series</subfield>
	</datafield>
	<datafield ind1=" " ind2=" " tag="580">
		<subfield code="a">Fait suite à: Pubblicazioni della Facoltà di giurisprudenza, Università di Macerata</subfield>
	</datafield>
	<datafield ind1="2" ind2=" " tag="710">
		<subfield code="a">Università di Macerata.</subfield>
		<subfield code="b">Facoltà di Giurisprudenza</subfield>
		<subfield code="0">(IDREF)02797748X</subfield>
	</datafield>
	<datafield ind1="1" ind2="0" tag="780">
		<subfield code="t">Pubblicazioni della Facoltà di giurisprudenza, Università di Macerata</subfield>
		<subfield code="w">REROILS:2000087</subfield>
	</datafield>
	<datafield ind1=" " ind2=" " tag="900">
		<subfield code="a">noselfmerge</subfield>
	</datafield>
	<datafield ind1=" " ind2=" " tag="900">
		<subfield code="a">reroslsp</subfield>
	</datafield>
</record>