

<record>
	<leader>01822nas a2200469 a 4500</leader>
	<controlfield tag="001">REROILS:2000091</controlfield>
	<controlfield tag="003">RERO</controlfield>
	<controlfield tag="005">20190705135500.0</controlfield>
	<controlfield tag="008">901122c19899999sz |||m|| ||||0 || 0ger d</controlfield>
	<datafield ind1=" " ind2=" " tag="035">
		<subfield code="a">1312910</subfield>
	</datafield>
	<datafield ind1=" " ind2="9" tag="039">
		<subfield code="a">201907051355</subfield>
		<subfield code="b">VLOAD</subfield>
		<subfield code="c">201807021524</subfield>
		<subfield code="d">VLOAD</subfield>
		<subfield code="c">201804190734</subfield>
		<subfield code="d">VLOAD</subfield>
		<subfield code="c">201705171004</subfield>
		<subfield code="d">VLOAD</subfield>
		<subfield code="y">1999022816390000</subfield>
		<subfield code="z">load</subfield>
	</datafield>
	<datafield ind1=" " ind2=" " tag="040">
		<subfield code="a">RERO vsbcvs</subfield>
	</datafield>
	<datafield ind1=" " ind2=" " tag="044">
		<subfield code="a">sz</subfield>
		<subfield code="c">ch-vs</subfield>
	</datafield>
	<datafield ind1=" " ind2="7" tag="072">
		<subfield code="a">s1et</subfield>
		<subfield code="2">rero</subfield>
	</datafield>
	<datafield ind1="0" ind2="0" tag="245">
		<subfield code="a">Ethnologische Reihe /</subfield>
		<subfield code="c">Kantonales Museum für Geschichte und Volkskunde Valère - Forschungsstelle für regionale Gegenwartsethnologie ; [hrsg. von den Walliser Kantonsmuseen]</subfield>
	</datafield>
	<datafield ind1=" " ind2="1" tag="264">
		<subfield code="a">Sitten :</subfield>
		<subfield code="b">Walliser Kantonsmuseen ;</subfield>
		<subfield code="a">[dann] Baden :</subfield>
		<subfield code="b">hier + jetzt Verl. für Kultur und Geschichte</subfield>
	</datafield>
	<datafield ind1=" " ind2=" " tag="300">
		<subfield code="c">25 cm</subfield>
	</datafield>
	<datafield ind1=" " ind2=" " tag="336">
		<subfield code="b">txt</subfield>
		<subfield code="2">rdacontent</subfield>
	</datafield>
	<datafield ind1=" " ind2=" " tag="337">
		<subfield code="b">n</subfield>
		<subfield code="2">rdamedia</subfield>
	</datafield>
	<datafield ind1=" " ind2=" " tag="338">
		<subfield code="b">nc</subfield>
		<subfield code="2">rdacarrier</subfield>
	</datafield>
	<datafield ind1=" " ind2=" " tag="339">
		<subfield code="a">docmaintype_series</subfield>
	</datafield>
	<datafield ind1="0" ind2=" " tag="362">
		<subfield code="a">1(1989)-3(1993) ; 5(1997) ; 07(2006)-</subfield>
	</datafield>
	<datafield ind1=" " ind2=" " tag="580">
		<subfield code="a">Autre édition: Cahiers d'ethnologie valaisanne</subfield>
	</datafield>
	<datafield ind1="2" ind2=" " tag="710">
		<subfield code="a">Musées cantonaux du Valais</subfield>
	</datafield>
	<datafield ind1="2" ind2=" " tag="710">
		<subfield code="a">Musée cantonal d'histoire et d'ethnographie (Sion).</subfield>
		<subfield code="b">Laboratoire de recherche en ethnologie régionale contemporaine</subfield>
	</datafield>
	<datafield ind1="1" ind2=" " tag="775">
		<subfield code="t">Cahiers d'ethnologie valaisanne</subfield>
		<subfield code="w">REROILS:2000090</subfield>
	</datafield>
	<datafield ind1=" " ind2=" " tag="900">
		<subfield code="a">noselfmerge</subfield>
	</datafield>
	<datafield ind1=" " ind2=" " tag="906">
		<subfield code="a">bibliogrvs</subfield>
	</datafield>
	<datafield ind1=" " ind2=" " tag="906">
		<subfield code="a">bvs</subfield>
	</datafield>
	<datafield ind1=" " ind2=" " tag="956">
		<subfield code="a">frbbul</subfield>
	</datafield>
	<datafield ind1=" " ind2=" " tag="962">
		<subfield code="a">neueth</subfield>
	</datafield>
	<datafield ind1=" " ind2=" " tag="973">
		<subfield code="a">vsbcvs</subfield>
	</datafield>
	<datafield ind1=" " ind2=" " tag="981">
		<subfield code="2">BBUL</subfield>
		<subfield code="a">BBUL</subfield>
	</datafield>
	<datafield ind1=" " ind2=" " tag="986">
		<subfield code="2">bibvs</subfield>
		<subfield code="a">Valais - Folklore</subfield>
	</datafield>
	<datafield ind1=" " ind2=" " tag="986">
		<subfield code="2">bibvs</subfield>
		<subfield code="a">Wallis - Folklore</subfield>
	</datafield>
	<datafield ind1=" " ind2=" " tag="986">
		<subfield code="2">vs-bib-sys</subfield>
		<subfield code="a">1185-0646-000-000-000</subfield>
	</datafield>
	<datafield ind1=" " ind2=" " tag="986">
		<subfield code="2">bibvs</subfield>
		<subfield code="a">Valais - Musées cantonaux - Valère</subfield>
	</datafield>
	<datafield ind1=" " ind2=" " tag="986">
		<subfield code="2">bibvs</subfield>
		<subfield code="a">Wallis - Kantonsmuseum - Valère</subfield>
	</datafield>
	<datafield ind1=" " ind2=" " tag="986">
		<subfield code="2">vs-bib-sys</subfield>
		<subfield code="a">1185-1060-005-000-000</subfield>
	</datafield>
	<datafield ind1=" " ind2=" " tag="986">
		<subfield code="2">bibvs</subfield>
		<subfield code="a">Valais - Revues - périodiques - Varia - E</subfield>
	</datafield>
	<datafield ind1=" " ind2=" " tag="986">
		<subfield code="2">bibvs</subfield>
		<subfield code="a">Wallis - Zeitschriften - Periodika - Varia - E</subfield>
	</datafield>
	<datafield ind1=" " ind2=" " tag="986">
		<subfield code="2">vs-bib-sys</subfield>
		<subfield code="a">1185-1359-016-005-000</subfield>
	</datafield>
</record>