

<record>
	<leader>01822nas a2200541 a 4500</leader>
	<controlfield tag="001">REROILS:2000095</controlfield>
	<controlfield tag="003">RERO</controlfield>
	<controlfield tag="005">20201019195400.0</controlfield>
	<controlfield tag="006">m    |</controlfield>
	<controlfield tag="007">c|</controlfield>
	<controlfield tag="008">131209c19509999sz |||p|  ||||0 |  0spa d</controlfield>
	<datafield ind1=" " ind2=" " tag="022">
		<subfield code="a">0582-1592</subfield>
	</datafield>
	<datafield ind1=" " ind2=" " tag="035">
		<subfield code="a">R007565883</subfield>
	</datafield>
	<datafield ind1=" " ind2=" " tag="037">
		<subfield code="c">Accès gratuit</subfield>
	</datafield>
	<datafield ind1=" " ind2="7" tag="039">
		<subfield code="b">6207</subfield>
	</datafield>
	<datafield ind1=" " ind2="9" tag="039">
		<subfield code="a">202010191954</subfield>
		<subfield code="b">VLOAD</subfield>
		<subfield code="c">202006290652</subfield>
		<subfield code="d">VLOAD</subfield>
		<subfield code="c">202003021347</subfield>
		<subfield code="d">6207</subfield>
		<subfield code="c">201910231701</subfield>
		<subfield code="d">6217</subfield>
		<subfield code="y">201312091315</subfield>
		<subfield code="z">6207</subfield>
	</datafield>
	<datafield ind1=" " ind2=" " tag="040">
		<subfield code="a">RERO gevbaa</subfield>
	</datafield>
	<datafield ind1="0" ind2=" " tag="041">
		<subfield code="a">eng</subfield>
		<subfield code="a">fre</subfield>
		<subfield code="a">ger</subfield>
		<subfield code="a">spa</subfield>
	</datafield>
	<datafield ind1=" " ind2=" " tag="044">
		<subfield code="a">sz</subfield>
		<subfield code="c">ch-ge</subfield>
	</datafield>
	<datafield ind1=" " ind2="7" tag="072">
		<subfield code="a">s1et</subfield>
		<subfield code="2">rero</subfield>
	</datafield>
	<datafield ind1=" " ind2="7" tag="072">
		<subfield code="a">s2go</subfield>
		<subfield code="2">rero</subfield>
	</datafield>
	<datafield ind1="0" ind2="0" tag="245">
		<subfield code="a">Bulletin / Société suisse des Américanistes</subfield>
	</datafield>
	<datafield ind1="3" ind2=" " tag="246">
		<subfield code="a">Bulletin de la Société suisse des Américanistes</subfield>
	</datafield>
	<datafield ind1="3" ind2=" " tag="246">
		<subfield code="a">Bulletin / Schweizerische Amerikanisten-Gesellschaft</subfield>
	</datafield>
	<datafield ind1="3" ind2=" " tag="246">
		<subfield code="a">Boletin / Sociedad suiza de Americanistas</subfield>
	</datafield>
	<datafield ind1="3" ind2=" " tag="246">
		<subfield code="a">Boletin / Société suisse des Américanistes</subfield>
	</datafield>
	<datafield ind1="3" ind2=" " tag="246">
		<subfield code="a">LARevista : bulletin de la société suisse des américanistes</subfield>
	</datafield>
	<datafield ind1=" " ind2="1" tag="264">
		<subfield code="a">Genève :</subfield>
		<subfield code="b">Société suisse des Américanistes</subfield>
	</datafield>
	<datafield ind1=" " ind2=" " tag="310">
		<subfield code="a">Semestriel [puis] annuel</subfield>
	</datafield>
	<datafield ind1=" " ind2=" " tag="336">
		<subfield code="b">txt</subfield>
		<subfield code="2">rdacontent</subfield>
	</datafield>
	<datafield ind1=" " ind2=" " tag="337">
		<subfield code="b">c</subfield>
		<subfield code="2">rdamedia</subfield>
	</datafield>
	<datafield ind1=" " ind2=" " tag="338">
		<subfield code="b">cr</subfield>
		<subfield code="2">rdacarrier</subfield>
	</datafield>
	<datafield ind1=" " ind2=" " tag="339">
		<subfield code="a">docmaintype_serial</subfield>
	</datafield>
	<datafield ind1="0" ind2=" " tag="362">
		<subfield code="a">No 1(1950)-</subfield>
	</datafield>
	<datafield ind1=" " ind2=" " tag="500">
		<subfield code="a">Ressources en ligne consultées le 09.12.13</subfield>
	</datafield>
	<datafield ind1=" " ind2=" " tag="530">
		<subfield code="a">Existe aussi sous forme papier</subfield>
	</datafield>
	<datafield ind1=" " ind2="7" tag="650">
		<subfield code="a">Américanistes</subfield>
		<subfield code="2">rero</subfield>
	</datafield>
	<datafield ind1=" " ind2="7" tag="650">
		<subfield code="a">Indiens d'Amérique</subfield>
		<subfield code="2">rero</subfield>
	</datafield>
	<datafield ind1=" " ind2="7" tag="650">
		<subfield code="a">Ethnologie</subfield>
		<subfield code="2">rero</subfield>
	</datafield>
	<datafield ind1=" " ind2="7" tag="655">
		<subfield code="a">[Périodiques électroniques]</subfield>
		<subfield code="2">rero</subfield>
	</datafield>
	<datafield ind1="2" ind2=" " tag="710">
		<subfield code="a">Société suisse des américanistes</subfield>
		<subfield code="0">(IDREF)076245470</subfield>
	</datafield>
	<datafield ind1="1" ind2=" " tag="776">
		<subfield code="t">Bulletin / Société suisse des Américanistes = Bulletin / Schweizerische Amerikanisten-Gesellschaft</subfield>
		<subfield code="w">REROILS:2000072</subfield>
	</datafield>
	<datafield ind1="4" ind2="0" tag="856">
		<subfield code="u">http://www.sag-ssa.ch/fr-fr/</subfield>
	</datafield>
	<datafield ind1=" " ind2=" " tag="900">
		<subfield code="a">noselfmerge</subfield>
	</datafield>
	<datafield ind1=" " ind2=" " tag="902">
		<subfield code="a">gedoc</subfield>
	</datafield>
	<datafield ind1=" " ind2=" " tag="902">
		<subfield code="a">epergevbaa</subfield>
	</datafield>
	<datafield ind1=" " ind2=" " tag="902">
		<subfield code="a">gevbaa</subfield>
		<subfield code="b">2013/12</subfield>
		<subfield code="c">801</subfield>
	</datafield>
	<datafield ind1=" " ind2=" " tag="957">
		<subfield code="a">gedel-</subfield>
	</datafield>
</record>