

<record>
	<leader>02551nas a2200613 a 4500</leader>
	<controlfield tag="001">REROILS:2000119</controlfield>
	<controlfield tag="003">RERO</controlfield>
	<controlfield tag="005">20200907161300.0</controlfield>
	<controlfield tag="008">960525d19731979sz |||p|| ||||0 || 0fre d</controlfield>
	<datafield ind1=" " ind2=" " tag="035">
		<subfield code="a">0245902</subfield>
	</datafield>
	<datafield ind1=" " ind2="9" tag="039">
		<subfield code="a">202009071613</subfield>
		<subfield code="b">VLOAD</subfield>
		<subfield code="c">201908271057</subfield>
		<subfield code="d">VLOAD</subfield>
		<subfield code="c">201811162006</subfield>
		<subfield code="d">VLOAD</subfield>
		<subfield code="c">201806301445</subfield>
		<subfield code="d">VLOAD</subfield>
		<subfield code="y">1999022715580000</subfield>
		<subfield code="z">load</subfield>
	</datafield>
	<datafield ind1=" " ind2=" " tag="040">
		<subfield code="a">RERO</subfield>
	</datafield>
	<datafield ind1=" " ind2=" " tag="044">
		<subfield code="a">sz</subfield>
		<subfield code="c">ch-vd</subfield>
	</datafield>
	<datafield ind1=" " ind2="7" tag="072">
		<subfield code="a">s1st</subfield>
		<subfield code="2">rero</subfield>
	</datafield>
	<datafield ind1="1" ind2="0" tag="210">
		<subfield code="a">Nat. Inform.</subfield>
	</datafield>
	<datafield ind1="0" ind2="0" tag="245">
		<subfield code="a">Nature Information :</subfield>
		<subfield code="b">magazine mensuel groupant les revues Pêcheur et chasseur suisse, Bulletin romand de mycologie, Eau, air, santé</subfield>
	</datafield>
	<datafield ind1=" " ind2="1" tag="264">
		<subfield code="a">Lausanne,</subfield>
		<subfield code="c">1973-1979</subfield>
	</datafield>
	<datafield ind1=" " ind2=" " tag="300">
		<subfield code="c">30 cm</subfield>
	</datafield>
	<datafield ind1=" " ind2=" " tag="336">
		<subfield code="b">txt</subfield>
		<subfield code="2">rdacontent</subfield>
	</datafield>
	<datafield ind1=" " ind2=" " tag="337">
		<subfield code="b">n</subfield>
		<subfield code="2">rdamedia</subfield>
	</datafield>
	<datafield ind1=" " ind2=" " tag="338">
		<subfield code="b">nc</subfield>
		<subfield code="2">rdacarrier</subfield>
	</datafield>
	<datafield ind1=" " ind2=" " tag="339">
		<subfield code="a">docmaintype_serial</subfield>
	</datafield>
	<datafield ind1="0" ind2=" " tag="362">
		<subfield code="a">30e année(1973)-36e année(1979)</subfield>
	</datafield>
	<datafield ind1=" " ind2=" " tag="500">
		<subfield code="a">Le sous-titre varie</subfield>
	</datafield>
	<datafield ind1=" " ind2=" " tag="580">
		<subfield code="a">Fait suite par fusion à: Pêcheur et chasseur suisse. Et à: Eau, air, santé. Et à: Aquatica. Et dès 1978, à: Bulletin romand de mycologie. Devient: Le pêcheur romand</subfield>
	</datafield>
	<datafield ind1=" " ind2=" " tag="580">
		<subfield code="a">Contient: Le pêcheur suisse</subfield>
	</datafield>
	<datafield ind1=" " ind2="7" tag="650">
		<subfield code="a">Pêche</subfield>
		<subfield code="2">rero</subfield>
	</datafield>
	<datafield ind1=" " ind2="7" tag="650">
		<subfield code="a">Chasse</subfield>
		<subfield code="2">rero</subfield>
	</datafield>
	<datafield ind1=" " ind2="7" tag="650">
		<subfield code="a">Mycologie</subfield>
		<subfield code="2">rero</subfield>
	</datafield>
	<datafield ind1=" " ind2="7" tag="650">
		<subfield code="a">Nature</subfield>
		<subfield code="2">rero</subfield>
	</datafield>
	<datafield ind1=" " ind2="7" tag="651">
		<subfield code="a">Suisse</subfield>
		<subfield code="2">rero</subfield>
		<subfield code="0">(IDREF)027249654</subfield>
	</datafield>
	<datafield ind1=" " ind2="7" tag="655">
		<subfield code="a">[Périodiques]</subfield>
		<subfield code="2">rero</subfield>
	</datafield>
	<datafield ind1="1" ind2=" " tag="777">
		<subfield code="t">Pêcheur suisse = Der Schweizer Fischer = Il pescatore svizzero : revue technique et sportive de l'économie piscicole en Suisse : organe officiel de la Société suisse de pêche et pisciculture</subfield>
		<subfield code="w">REROILS:2000132</subfield>
	</datafield>
	<datafield ind1="1" ind2="0" tag="780">
		<subfield code="t">Pêcheur et Chasseur Suisses : nature-information</subfield>
		<subfield code="w">REROILS:2000131</subfield>
	</datafield>
	<datafield ind1="1" ind2="0" tag="780">
		<subfield code="t">Eau, air, santé : organe mensuel romand d'informations sur l'environnement et la nature</subfield>
		<subfield code="w">REROILS:2000096</subfield>
	</datafield>
	<datafield ind1="1" ind2="0" tag="780">
		<subfield code="t">Aquatica : revue internationale de recherches et de sports subaquatiques : internationale Revue für Unterwassersport und -Forschung</subfield>
	</datafield>
	<datafield ind1="1" ind2="0" tag="780">
		<subfield code="t">Bulletin Romand de Mycologie</subfield>
	</datafield>
	<datafield ind1="1" ind2="0" tag="785">
		<subfield code="t">Pêcheur romand : nature information : mycologie, chasse, nature</subfield>
		<subfield code="w">REROILS:2000130</subfield>
	</datafield>
	<datafield ind1=" " ind2=" " tag="900">
		<subfield code="a">noselfmerge</subfield>
	</datafield>
	<datafield ind1=" " ind2=" " tag="919">
		<subfield code="9">650 _7</subfield>
		<subfield code="a">pêche</subfield>
		<subfield code="z">Suisse</subfield>
		<subfield code="v">[périodique]</subfield>
		<subfield code="2">chrero</subfield>
	</datafield>
	<datafield ind1=" " ind2=" " tag="919">
		<subfield code="9">650 _7</subfield>
		<subfield code="a">chasse</subfield>
		<subfield code="z">Suisse</subfield>
		<subfield code="v">[périodique]</subfield>
		<subfield code="2">chrero</subfield>
	</datafield>
	<datafield ind1=" " ind2=" " tag="919">
		<subfield code="9">650 _7</subfield>
		<subfield code="a">mycologie</subfield>
		<subfield code="z">Suisse</subfield>
		<subfield code="v">[périodique]</subfield>
		<subfield code="2">chrero</subfield>
	</datafield>
	<datafield ind1=" " ind2=" " tag="919">
		<subfield code="9">650 _7</subfield>
		<subfield code="a">nature</subfield>
		<subfield code="z">Suisse</subfield>
		<subfield code="v">[périodique]</subfield>
		<subfield code="2">chrero</subfield>
	</datafield>
	<datafield ind1=" " ind2=" " tag="956">
		<subfield code="a">frbcuc</subfield>
	</datafield>
	<datafield ind1=" " ind2=" " tag="957">
		<subfield code="a">gevcjb gevmhn</subfield>
	</datafield>
	<datafield ind1=" " ind2=" " tag="962">
		<subfield code="a">nebpun necmhn</subfield>
	</datafield>
	<datafield ind1=" " ind2=" " tag="982">
		<subfield code="2">ge-vmhn</subfield>
		<subfield code="a">NOP 1 Sui 15a</subfield>
	</datafield>
	<datafield ind1=" " ind2=" " tag="982">
		<subfield code="2">ge-vmhn</subfield>
		<subfield code="a">BG 1 Sui 58</subfield>
	</datafield>
	<datafield ind1=" " ind2=" " tag="982">
		<subfield code="2">cdu-gevcjb</subfield>
		<subfield code="a">P(494)94</subfield>
	</datafield>
	<datafield ind1=" " ind2=" " tag="992">
		<subfield code="a">MHN NOP 380</subfield>
		<subfield code="x">ge/vmhn/x</subfield>
	</datafield>
	<datafield ind1=" " ind2=" " tag="992">
		<subfield code="a">MHN BG P 861</subfield>
		<subfield code="x">ge/vmhn/a</subfield>
	</datafield>
	<datafield ind1=" " ind2=" " tag="992">
		<subfield code="a">BOTP 2858</subfield>
		<subfield code="x">ge/vcjb/x</subfield>
	</datafield>
	<datafield ind1=" " ind2=" " tag="994">
		<subfield code="a">CMHN P 15</subfield>
		<subfield code="x">--</subfield>
	</datafield>
	<datafield ind1=" " ind2=" " tag="994">
		<subfield code="a">BPUN PU 1156</subfield>
		<subfield code="x">ne/bpun/d</subfield>
	</datafield>
</record>