

<record>
	<leader>01961nas a2200493 a 4500</leader>
	<controlfield tag="001">REROILS:2000123</controlfield>
	<controlfield tag="003">RERO</controlfield>
	<controlfield tag="005">20200712202400.0</controlfield>
	<controlfield tag="008">880427d19871993sz |||p|| ||||0 || 0ger d</controlfield>
	<datafield ind1=" " ind2=" " tag="019">
		<subfield code="a">Notices analytiques.</subfield>
		<subfield code="9">12.08.1993/geufpe/jem</subfield>
	</datafield>
	<datafield ind1=" " ind2=" " tag="022">
		<subfield code="a">0036-7869</subfield>
	</datafield>
	<datafield ind1=" " ind2=" " tag="035">
		<subfield code="a">0970010</subfield>
	</datafield>
	<datafield ind1=" " ind2=" " tag="039">
		<subfield code="b">7704</subfield>
	</datafield>
	<datafield ind1=" " ind2="9" tag="039">
		<subfield code="a">202007122024</subfield>
		<subfield code="b">VLOAD</subfield>
		<subfield code="c">201811162254</subfield>
		<subfield code="d">VLOAD</subfield>
		<subfield code="c">201706101915</subfield>
		<subfield code="d">VLOAD</subfield>
		<subfield code="c">201507141554</subfield>
		<subfield code="d">VLOAD</subfield>
		<subfield code="y">1999022808370000</subfield>
		<subfield code="z">load</subfield>
	</datafield>
	<datafield ind1=" " ind2=" " tag="040">
		<subfield code="a">RERO frbcuc</subfield>
	</datafield>
	<datafield ind1="0" ind2=" " tag="041">
		<subfield code="a">ger</subfield>
		<subfield code="a">fre</subfield>
	</datafield>
	<datafield ind1=" " ind2="7" tag="072">
		<subfield code="a">s1ps</subfield>
		<subfield code="2">rero</subfield>
	</datafield>
	<datafield ind1="0" ind2="0" tag="245">
		<subfield code="a">Schweizerische Zeitschrift für Psychologie /</subfield>
		<subfield code="c">hrsg. von der Schweizerischen Gesellschaft für Psychologie und ihre Anwendungen = Revue suisse de psychologie / éd. par la Société suisse de psychologie et de psychologie appliquée</subfield>
	</datafield>
	<datafield ind1="3" ind2=" " tag="246">
		<subfield code="a">Revue suisse de psychologie</subfield>
	</datafield>
	<datafield ind1=" " ind2="1" tag="264">
		<subfield code="a">Bern ;</subfield>
		<subfield code="a">Stuttgart [etc.] :</subfield>
		<subfield code="b">H. Huber</subfield>
	</datafield>
	<datafield ind1=" " ind2=" " tag="300">
		<subfield code="c">25 cm</subfield>
	</datafield>
	<datafield ind1=" " ind2=" " tag="310">
		<subfield code="a">Vierteljährlich</subfield>
	</datafield>
	<datafield ind1=" " ind2=" " tag="336">
		<subfield code="b">txt</subfield>
		<subfield code="2">rdacontent</subfield>
	</datafield>
	<datafield ind1=" " ind2=" " tag="337">
		<subfield code="b">n</subfield>
		<subfield code="2">rdamedia</subfield>
	</datafield>
	<datafield ind1=" " ind2=" " tag="338">
		<subfield code="b">nc</subfield>
		<subfield code="2">rdacarrier</subfield>
	</datafield>
	<datafield ind1=" " ind2=" " tag="339">
		<subfield code="a">docmaintype_serial</subfield>
	</datafield>
	<datafield ind1="0" ind2=" " tag="362">
		<subfield code="a">Jg. 46(1987) - Jg. 52(1993)</subfield>
	</datafield>
	<datafield ind1=" " ind2=" " tag="580">
		<subfield code="a">Früher: Psychologie. Devient : Swiss journal of psychology</subfield>
	</datafield>
	<datafield ind1=" " ind2="7" tag="650">
		<subfield code="a">Psychologie</subfield>
		<subfield code="2">rero</subfield>
	</datafield>
	<datafield ind1=" " ind2="7" tag="655">
		<subfield code="a">[Périodiques]</subfield>
		<subfield code="2">rero</subfield>
	</datafield>
	<datafield ind1="2" ind2=" " tag="710">
		<subfield code="a">Société suisse de psychologie et de psychologie appliquée</subfield>
	</datafield>
	<datafield ind1="1" ind2="0" tag="780">
		<subfield code="t">Psychologie. Huber</subfield>
		<subfield code="w">REROILS:2000107</subfield>
	</datafield>
	<datafield ind1="1" ind2="0" tag="785">
		<subfield code="t">Swiss journal of psychology : official publication of the Swiss Psychological Society = Schweizerische Zeitschrift für Psychologie = Revue suisse de psychologie</subfield>
		<subfield code="w">REROILS:2000133</subfield>
	</datafield>
	<datafield ind1=" " ind2=" " tag="900">
		<subfield code="a">noselfmerge</subfield>
	</datafield>
	<datafield ind1=" " ind2=" " tag="901">
		<subfield code="a">frpse</subfield>
	</datafield>
	<datafield ind1=" " ind2=" " tag="919">
		<subfield code="9">650 _7</subfield>
		<subfield code="a">psychologie</subfield>
		<subfield code="v">[périodique]</subfield>
		<subfield code="2">chrero</subfield>
	</datafield>
	<datafield ind1=" " ind2=" " tag="956">
		<subfield code="a">frbcuc</subfield>
	</datafield>
	<datafield ind1=" " ind2=" " tag="957">
		<subfield code="a">geufpe gevbge</subfield>
	</datafield>
	<datafield ind1=" " ind2=" " tag="962">
		<subfield code="a">nebpun neubfl neusfs</subfield>
	</datafield>
	<datafield ind1=" " ind2=" " tag="984">
		<subfield code="2">cdu-neubfl</subfield>
		<subfield code="a">159.9.019REY8</subfield>
	</datafield>
	<datafield ind1=" " ind2=" " tag="992">
		<subfield code="a">BGE CB 1427</subfield>
		<subfield code="x">ge/vbge/a/45/4738</subfield>
	</datafield>
	<datafield ind1=" " ind2=" " tag="994">
		<subfield code="a">NP PU 363</subfield>
		<subfield code="x">ne/bpun/a Jg. 46(1987) - Jg. 52(1993)</subfield>
	</datafield>
	<datafield ind1=" " ind2=" " tag="994">
		<subfield code="a">YR 14</subfield>
		<subfield code="x">ne/uses/d/ Jg. 46(1987) - Jg. 52(1993)</subfield>
	</datafield>
	<datafield ind1=" " ind2=" " tag="994">
		<subfield code="a">NELA 32639</subfield>
		<subfield code="x">ne/ubfl/a [Jg. 50/1991 No 3 seul.]</subfield>
	</datafield>
</record>