

<record>
	<leader>01588cas a2200397 a 4500</leader>
	<controlfield tag="001">REROILS:2000126</controlfield>
	<controlfield tag="003">RERO</controlfield>
	<controlfield tag="005">20181116203300.0</controlfield>
	<controlfield tag="008">961109c1945    sz |||p|| ||||0 || 0eng d</controlfield>
	<datafield ind1=" " ind2=" " tag="019">
		<subfield code="a">Modifications selon RP</subfield>
		<subfield code="9">labdfm/06.1998</subfield>
	</datafield>
	<datafield ind1=" " ind2=" " tag="022">
		<subfield code="a">1192-5604</subfield>
	</datafield>
	<datafield ind1=" " ind2=" " tag="035">
		<subfield code="a">0359417</subfield>
	</datafield>
	<datafield ind1=" " ind2=" " tag="039">
		<subfield code="b">8401c</subfield>
	</datafield>
	<datafield ind1=" " ind2="9" tag="039">
		<subfield code="a">201811162033</subfield>
		<subfield code="b">VLOAD</subfield>
		<subfield code="c">201806302058</subfield>
		<subfield code="d">VLOAD</subfield>
		<subfield code="c">201706101845</subfield>
		<subfield code="d">VLOAD</subfield>
		<subfield code="c">201510080916</subfield>
		<subfield code="d">VLOAD</subfield>
		<subfield code="y">1999022718310000</subfield>
		<subfield code="z">load</subfield>
	</datafield>
	<datafield ind1=" " ind2=" " tag="040">
		<subfield code="a">RERO</subfield>
	</datafield>
	<datafield ind1=" " ind2=" " tag="044">
		<subfield code="a">sz</subfield>
		<subfield code="c">ch-be</subfield>
	</datafield>
	<datafield ind1=" " ind2="7" tag="072">
		<subfield code="a">s1ps</subfield>
		<subfield code="2">rero</subfield>
	</datafield>
	<datafield ind1="0" ind2="0" tag="245">
		<subfield code="a">Rorschachiana :</subfield>
		<subfield code="b">yearbook of the International Rorschach Society</subfield>
	</datafield>
	<datafield ind1=" " ind2="1" tag="264">
		<subfield code="a">Bern ;</subfield>
		<subfield code="a">Stuttgart :</subfield>
		<subfield code="b">H. Huber ;</subfield>
		<subfield code="a">[then] Seattle ;</subfield>
		<subfield code="a">Toronto [etc.] :</subfield>
		<subfield code="b">Hogrefe &amp; Huber</subfield>
	</datafield>
	<datafield ind1=" " ind2=" " tag="300">
		<subfield code="c">24 cm</subfield>
	</datafield>
	<datafield ind1=" " ind2=" " tag="336">
		<subfield code="b">txt</subfield>
		<subfield code="2">rdacontent</subfield>
	</datafield>
	<datafield ind1=" " ind2=" " tag="337">
		<subfield code="b">n</subfield>
		<subfield code="2">rdamedia</subfield>
	</datafield>
	<datafield ind1=" " ind2=" " tag="338">
		<subfield code="b">nc</subfield>
		<subfield code="2">rdacarrier</subfield>
	</datafield>
	<datafield ind1=" " ind2=" " tag="339">
		<subfield code="a">docmaintype_serial</subfield>
	</datafield>
	<datafield ind1="0" ind2=" " tag="362">
		<subfield code="a">Vol. 1(1945)-</subfield>
	</datafield>
	<datafield ind1=" " ind2=" " tag="530">
		<subfield code="a">Existe aussi en version électronique</subfield>
	</datafield>
	<datafield ind1=" " ind2=" " tag="580">
		<subfield code="a">Jusqu'au vol. 17(1990) est contenu dans : Beiheft zur Schweizerischen Zeitschrift für Psychologie und Ihre Anwendungen</subfield>
	</datafield>
	<datafield ind1=" " ind2="7" tag="650">
		<subfield code="a">Test de Rorschach</subfield>
		<subfield code="2">rero</subfield>
	</datafield>
	<datafield ind1=" " ind2="7" tag="655">
		<subfield code="a">[Périodiques]</subfield>
		<subfield code="2">rero</subfield>
	</datafield>
	<datafield ind1="1" ind2=" " tag="777">
		<subfield code="t">Beiheft zur Schweizerischen Zeitschrift für Psychologie und Ihre Anwendungen = Supplément à la Revue suisse de psychologie pure et appliquée</subfield>
		<subfield code="w">REROILS:2000108</subfield>
	</datafield>
	<datafield ind1=" " ind2=" " tag="900">
		<subfield code="a">noselfmerge</subfield>
	</datafield>
	<datafield ind1=" " ind2=" " tag="919">
		<subfield code="9">650 _7</subfield>
		<subfield code="a">test de Rorschach</subfield>
		<subfield code="v">[périodique]</subfield>
		<subfield code="2">chrero</subfield>
	</datafield>
	<datafield ind1=" " ind2=" " tag="957">
		<subfield code="a">geudbu</subfield>
	</datafield>
	<datafield ind1=" " ind2=" " tag="962">
		<subfield code="a">nebpun</subfield>
	</datafield>
	<datafield ind1=" " ind2=" " tag="994">
		<subfield code="a">BPUN C 3547</subfield>
		<subfield code="x">ne/bpun/a,d/1948/18-1958/35</subfield>
	</datafield>
</record>