

<record>
	<leader>01909nas a2200373 a 4500</leader>
	<controlfield tag="001">REROILS:2000118</controlfield>
	<controlfield tag="003">RERO</controlfield>
	<controlfield tag="005">20201006003000.0</controlfield>
	<controlfield tag="008">890609d19521953sz |||p|| ||||0 || 0eng d</controlfield>
	<datafield ind1=" " ind2=" " tag="035">
		<subfield code="a">1120947</subfield>
	</datafield>
	<datafield ind1=" " ind2="9" tag="039">
		<subfield code="a">202010060030</subfield>
		<subfield code="b">VLOAD</subfield>
		<subfield code="c">202007100954</subfield>
		<subfield code="d">VLOAD</subfield>
		<subfield code="c">201811162339</subfield>
		<subfield code="d">VLOAD</subfield>
		<subfield code="c">201706102326</subfield>
		<subfield code="d">VLOAD</subfield>
		<subfield code="y">1999022812100000</subfield>
		<subfield code="z">load</subfield>
	</datafield>
	<datafield ind1=" " ind2=" " tag="040">
		<subfield code="a">RERO frbcuc</subfield>
	</datafield>
	<datafield ind1="0" ind2=" " tag="041">
		<subfield code="a">eng</subfield>
		<subfield code="a">ger</subfield>
		<subfield code="a">fre</subfield>
	</datafield>
	<datafield ind1=" " ind2="7" tag="072">
		<subfield code="a">s1ps</subfield>
		<subfield code="2">rero</subfield>
	</datafield>
	<datafield ind1="0" ind2="0" tag="245">
		<subfield code="a">Rorschachiana :</subfield>
		<subfield code="b">aliorumque methodorum proiectione utentium acta = International review of Rorschach and other projective techniques = Internationale Zeitschrift für Rorschach-Forschung und andere projektive Methoden = Revue internationale de Rorschach et d'autres méthodes projectives</subfield>
	</datafield>
	<datafield ind1="3" ind2=" " tag="246">
		<subfield code="a">International review of Rorschach and other projective techniques</subfield>
	</datafield>
	<datafield ind1="3" ind2=" " tag="246">
		<subfield code="a">Internationale Zeitschrift für Rorschach-Forschung und andere projektive Methoden</subfield>
	</datafield>
	<datafield ind1="3" ind2=" " tag="246">
		<subfield code="a">Revue internationale de Rorschach et d'autres méthodes projectives</subfield>
	</datafield>
	<datafield ind1=" " ind2="1" tag="264">
		<subfield code="a">Bern :</subfield>
		<subfield code="b">H. Huber</subfield>
	</datafield>
	<datafield ind1=" " ind2=" " tag="300">
		<subfield code="c">23 cm</subfield>
	</datafield>
	<datafield ind1=" " ind2=" " tag="336">
		<subfield code="b">txt</subfield>
		<subfield code="2">rdacontent</subfield>
	</datafield>
	<datafield ind1=" " ind2=" " tag="337">
		<subfield code="b">n</subfield>
		<subfield code="2">rdamedia</subfield>
	</datafield>
	<datafield ind1=" " ind2=" " tag="338">
		<subfield code="b">nc</subfield>
		<subfield code="2">rdacarrier</subfield>
	</datafield>
	<datafield ind1=" " ind2=" " tag="339">
		<subfield code="a">docmaintype_serial</subfield>
	</datafield>
	<datafield ind1="0" ind2=" " tag="362">
		<subfield code="a">Vol. 1(1952-1953)</subfield>
	</datafield>
	<datafield ind1=" " ind2=" " tag="580">
		<subfield code="a">Devient: Zeitschrift für diagnostische Psychologie und Persönlichkeitsforschung = Revue de psychologie diagnostique et d'étude de la personnalité = Review of diagnostic psychology and personality exploration</subfield>
	</datafield>
	<datafield ind1=" " ind2="7" tag="650">
		<subfield code="a">Test de Rorschach</subfield>
		<subfield code="2">rero</subfield>
	</datafield>
	<datafield ind1=" " ind2="7" tag="650">
		<subfield code="a">Psychodiagnostics</subfield>
		<subfield code="2">rero</subfield>
	</datafield>
	<datafield ind1=" " ind2="7" tag="655">
		<subfield code="a">[Périodiques]</subfield>
		<subfield code="2">rero</subfield>
	</datafield>
	<datafield ind1="1" ind2="0" tag="785">
		<subfield code="t">Zeitschrift für diagnostische Psychologie und Persönlichkeitsforschung = Revue de psychologie diagnostique et d'étude de la personnalité = Review of diagnostic psychology and personality exploration</subfield>
		<subfield code="w">REROILS:2000109</subfield>
	</datafield>
	<datafield ind1=" " ind2=" " tag="900">
		<subfield code="a">noselfmerge</subfield>
	</datafield>
	<datafield ind1=" " ind2=" " tag="919">
		<subfield code="9">650 _7</subfield>
		<subfield code="a">test de Rorschach</subfield>
		<subfield code="v">[périodique]</subfield>
		<subfield code="2">chrero</subfield>
	</datafield>
	<datafield ind1=" " ind2=" " tag="919">
		<subfield code="9">650 _7</subfield>
		<subfield code="a">diagnostic (psychologie)</subfield>
		<subfield code="v">[périodique]</subfield>
		<subfield code="2">chrero</subfield>
	</datafield>
	<datafield ind1=" " ind2=" " tag="956">
		<subfield code="a">frbcuc</subfield>
	</datafield>
</record>