

<record>
	<leader>00958cas a2200277 a 4500</leader>
	<controlfield tag="001">REROILS:2000125</controlfield>
	<controlfield tag="003">RERO</controlfield>
	<controlfield tag="005">20180703215900.0</controlfield>
	<controlfield tag="008">010327d19451957sz |||p|| ||||0 || 0ger d</controlfield>
	<datafield ind1=" " ind2=" " tag="035">
		<subfield code="a">R003018011</subfield>
	</datafield>
	<datafield ind1=" " ind2="9" tag="039">
		<subfield code="a">201807032159</subfield>
		<subfield code="b">VLOAD</subfield>
		<subfield code="c">201705181307</subfield>
		<subfield code="d">VLOAD</subfield>
		<subfield code="c">200804180712</subfield>
		<subfield code="d">8999</subfield>
		<subfield code="c">200605291153</subfield>
		<subfield code="d">VLOAD</subfield>
		<subfield code="y">200103271124</subfield>
		<subfield code="z">0112</subfield>
	</datafield>
	<datafield ind1=" " ind2=" " tag="040">
		<subfield code="a">RERO frbcuc</subfield>
	</datafield>
	<datafield ind1=" " ind2=" " tag="044">
		<subfield code="a">sz</subfield>
		<subfield code="c">ch-be</subfield>
	</datafield>
	<datafield ind1=" " ind2="7" tag="072">
		<subfield code="a">s1ps</subfield>
		<subfield code="2">rero</subfield>
	</datafield>
	<datafield ind1="0" ind2="0" tag="245">
		<subfield code="a">Graphologia</subfield>
	</datafield>
	<datafield ind1=" " ind2="1" tag="264">
		<subfield code="a">Bern ;</subfield>
		<subfield code="a">Stuttgart :</subfield>
		<subfield code="b">H. Huber</subfield>
	</datafield>
	<datafield ind1=" " ind2=" " tag="300">
		<subfield code="c">24 cm</subfield>
	</datafield>
	<datafield ind1=" " ind2=" " tag="336">
		<subfield code="b">txt</subfield>
		<subfield code="2">rdacontent</subfield>
	</datafield>
	<datafield ind1=" " ind2=" " tag="337">
		<subfield code="b">n</subfield>
		<subfield code="2">rdamedia</subfield>
	</datafield>
	<datafield ind1=" " ind2=" " tag="338">
		<subfield code="b">nc</subfield>
		<subfield code="2">rdacarrier</subfield>
	</datafield>
	<datafield ind1=" " ind2=" " tag="339">
		<subfield code="a">docmaintype_serial</subfield>
	</datafield>
	<datafield ind1="0" ind2=" " tag="362">
		<subfield code="a">Vol. 1(1945)-Vol. 4(1957)</subfield>
	</datafield>
	<datafield ind1=" " ind2=" " tag="580">
		<subfield code="a">Est contenu dans : Beiheft zur Schweizerischen Zeitschrift für Psychologie und Ihre Anwendungen</subfield>
	</datafield>
	<datafield ind1="1" ind2=" " tag="777">
		<subfield code="t">Beiheft zur Schweizerischen Zeitschrift für Psychologie und Ihre Anwendungen = Supplément à la Revue suisse de psychologie pure et appliquée</subfield>
		<subfield code="w">REROILS:2000108</subfield>
	</datafield>
	<datafield ind1=" " ind2=" " tag="900">
		<subfield code="a">noselfmerge</subfield>
	</datafield>
	<datafield ind1=" " ind2=" " tag="900">
		<subfield code="a">reroslsp</subfield>
	</datafield>
</record>