

<record>
	<leader>01081nas a2200349 a 4500</leader>
	<controlfield tag="001">REROILS:2000128</controlfield>
	<controlfield tag="003">RERO</controlfield>
	<controlfield tag="005">20190705124900.0</controlfield>
	<controlfield tag="008">040125c19789999sz |||m|| ||||0 || 0fre d</controlfield>
	<datafield ind1=" " ind2=" " tag="019">
		<subfield code="a">Suite BAA Ge</subfield>
		<subfield code="9">gai/1990</subfield>
	</datafield>
	<datafield ind1=" " ind2=" " tag="035">
		<subfield code="a">0540081</subfield>
	</datafield>
	<datafield ind1=" " ind2="9" tag="039">
		<subfield code="a">201907051249</subfield>
		<subfield code="b">VLOAD</subfield>
		<subfield code="c">201806301840</subfield>
		<subfield code="d">VLOAD</subfield>
		<subfield code="c">201705160818</subfield>
		<subfield code="d">VLOAD</subfield>
		<subfield code="c">201703290918</subfield>
		<subfield code="d">VLOAD</subfield>
		<subfield code="y">200401251042</subfield>
		<subfield code="z">VLOAD</subfield>
	</datafield>
	<datafield ind1=" " ind2=" " tag="040">
		<subfield code="a">RERO</subfield>
	</datafield>
	<datafield ind1=" " ind2=" " tag="044">
		<subfield code="a">sz</subfield>
		<subfield code="c">ch-vd</subfield>
	</datafield>
	<datafield ind1=" " ind2="7" tag="072">
		<subfield code="a">s1ba</subfield>
		<subfield code="2">rero</subfield>
	</datafield>
	<datafield ind1="0" ind2="0" tag="245">
		<subfield code="a">Documents publiés par la Cinémathèque suisse, Lausanne</subfield>
	</datafield>
	<datafield ind1="3" ind2=" " tag="246">
		<subfield code="a">Documents / La cinémathèque suisse</subfield>
	</datafield>
	<datafield ind1=" " ind2="1" tag="264">
		<subfield code="a">Lausanne :</subfield>
		<subfield code="b">Cinémathèque suisse</subfield>
	</datafield>
	<datafield ind1=" " ind2=" " tag="300">
		<subfield code="b">Ill. ;</subfield>
		<subfield code="c">21 cm</subfield>
	</datafield>
	<datafield ind1=" " ind2=" " tag="336">
		<subfield code="b">txt</subfield>
		<subfield code="2">rdacontent</subfield>
	</datafield>
	<datafield ind1=" " ind2=" " tag="337">
		<subfield code="b">n</subfield>
		<subfield code="2">rdamedia</subfield>
	</datafield>
	<datafield ind1=" " ind2=" " tag="338">
		<subfield code="b">nc</subfield>
		<subfield code="2">rdacarrier</subfield>
	</datafield>
	<datafield ind1=" " ind2=" " tag="339">
		<subfield code="a">docmaintype_series</subfield>
	</datafield>
	<datafield ind1="0" ind2=" " tag="362">
		<subfield code="a">No 7(1978)-&gt;</subfield>
	</datafield>
	<datafield ind1=" " ind2=" " tag="500">
		<subfield code="a">Les nos 7-9 ont été attribués après coup, lors de la parution du vol. 10</subfield>
	</datafield>
	<datafield ind1=" " ind2=" " tag="580">
		<subfield code="a">Fait suite à: Documents de cinéma</subfield>
	</datafield>
	<datafield ind1="2" ind2=" " tag="710">
		<subfield code="a">Cinémathèque suisse</subfield>
		<subfield code="0">(IDREF)033492115</subfield>
	</datafield>
	<datafield ind1="1" ind2="0" tag="780">
		<subfield code="t">Documents de cinéma</subfield>
		<subfield code="w">REROILS:2000097</subfield>
	</datafield>
	<datafield ind1=" " ind2=" " tag="900">
		<subfield code="a">noselfmerge</subfield>
	</datafield>
	<datafield ind1=" " ind2=" " tag="902">
		<subfield code="a">baas</subfield>
	</datafield>
	<datafield ind1=" " ind2=" " tag="957">
		<subfield code="a">gevbaa</subfield>
	</datafield>
	<datafield ind1=" " ind2=" " tag="992">
		<subfield code="a">-</subfield>
		<subfield code="x">ge/vbaa/a</subfield>
	</datafield>
</record>