

<record>
	<leader>00928nas a22002417a 4500</leader>
	<controlfield tag="001">REROILS:2000124</controlfield>
	<controlfield tag="003">RERO</controlfield>
	<controlfield tag="005">20170515160500.0</controlfield>
	<controlfield tag="008">960525d19531974xx |||m|| ||||0 || 0ger d</controlfield>
	<datafield ind1=" " ind2=" " tag="035">
		<subfield code="a">0095219</subfield>
	</datafield>
	<datafield ind1=" " ind2="9" tag="039">
		<subfield code="a">201705151605</subfield>
		<subfield code="b">VLOAD</subfield>
		<subfield code="c">200605271544</subfield>
		<subfield code="d">VLOAD</subfield>
		<subfield code="c">200103291140</subfield>
		<subfield code="d">0112</subfield>
		<subfield code="c">200103271129</subfield>
		<subfield code="d">0112</subfield>
		<subfield code="y">1999022712220000</subfield>
		<subfield code="z">load</subfield>
	</datafield>
	<datafield ind1=" " ind2=" " tag="040">
		<subfield code="a">RERO</subfield>
	</datafield>
	<datafield ind1="0" ind2="0" tag="245">
		<subfield code="a">Szondiana</subfield>
	</datafield>
	<datafield ind1=" " ind2="1" tag="264">
		<subfield code="a">Bern ;</subfield>
		<subfield code="a">Stuttgart ;</subfield>
		<subfield code="a">Wien :</subfield>
		<subfield code="b">H. Huber</subfield>
	</datafield>
	<datafield ind1=" " ind2=" " tag="336">
		<subfield code="b">txt</subfield>
		<subfield code="2">rdacontent</subfield>
	</datafield>
	<datafield ind1=" " ind2=" " tag="337">
		<subfield code="b">n</subfield>
		<subfield code="2">rdamedia</subfield>
	</datafield>
	<datafield ind1=" " ind2=" " tag="338">
		<subfield code="b">nc</subfield>
		<subfield code="2">rdacarrier</subfield>
	</datafield>
	<datafield ind1=" " ind2=" " tag="339">
		<subfield code="a">docmaintype_series</subfield>
	</datafield>
	<datafield ind1=" " ind2=" " tag="580">
		<subfield code="a">Est contenu dans: Beiheft zur schweizerischen Zeitschrift fuer Psychologie und ihre Anwendungen</subfield>
	</datafield>
	<datafield ind1="1" ind2=" " tag="777">
		<subfield code="t">Beiheft zur Schweizerischen Zeitschrift für Psychologie und Ihre Anwendungen = Supplément à la Revue suisse de psychologie pure et appliquée</subfield>
		<subfield code="w">REROILS:2000108</subfield>
	</datafield>
	<datafield ind1=" " ind2=" " tag="900">
		<subfield code="a">noselfmerge</subfield>
	</datafield>
	<datafield ind1=" " ind2=" " tag="900">
		<subfield code="a">reroslsp</subfield>
	</datafield>
</record>