

<record>
	<leader>02074nas a2200565 a 4500</leader>
	<controlfield tag="001">REROILS:2000130</controlfield>
	<controlfield tag="003">RERO</controlfield>
	<controlfield tag="005">20181116200600.0</controlfield>
	<controlfield tag="008">960525d19801991sz |||p|| ||||0 || 0fre d</controlfield>
	<datafield ind1=" " ind2=" " tag="035">
		<subfield code="a">0245903</subfield>
	</datafield>
	<datafield ind1=" " ind2="9" tag="039">
		<subfield code="a">201811162006</subfield>
		<subfield code="b">VLOAD</subfield>
		<subfield code="c">201806301445</subfield>
		<subfield code="d">VLOAD</subfield>
		<subfield code="c">201706101640</subfield>
		<subfield code="d">VLOAD</subfield>
		<subfield code="c">201603111223</subfield>
		<subfield code="d">VLOAD</subfield>
		<subfield code="y">1999022715580000</subfield>
		<subfield code="z">load</subfield>
	</datafield>
	<datafield ind1=" " ind2=" " tag="040">
		<subfield code="a">RERO</subfield>
	</datafield>
	<datafield ind1=" " ind2=" " tag="044">
		<subfield code="a">sz</subfield>
		<subfield code="c">ch-vd</subfield>
	</datafield>
	<datafield ind1=" " ind2="7" tag="072">
		<subfield code="a">s1st</subfield>
		<subfield code="2">rero</subfield>
	</datafield>
	<datafield ind1="1" ind2="0" tag="210">
		<subfield code="a">Pêcheur Romand.</subfield>
	</datafield>
	<datafield ind1="0" ind2="3" tag="245">
		<subfield code="a">Le pêcheur romand :</subfield>
		<subfield code="b">nature information : mycologie, chasse, nature</subfield>
	</datafield>
	<datafield ind1=" " ind2="1" tag="264">
		<subfield code="a">Lausanne</subfield>
	</datafield>
	<datafield ind1=" " ind2=" " tag="300">
		<subfield code="c">30 cm</subfield>
	</datafield>
	<datafield ind1=" " ind2=" " tag="336">
		<subfield code="b">txt</subfield>
		<subfield code="2">rdacontent</subfield>
	</datafield>
	<datafield ind1=" " ind2=" " tag="337">
		<subfield code="b">n</subfield>
		<subfield code="2">rdamedia</subfield>
	</datafield>
	<datafield ind1=" " ind2=" " tag="338">
		<subfield code="b">nc</subfield>
		<subfield code="2">rdacarrier</subfield>
	</datafield>
	<datafield ind1=" " ind2=" " tag="339">
		<subfield code="a">docmaintype_serial</subfield>
	</datafield>
	<datafield ind1="0" ind2=" " tag="362">
		<subfield code="a">Année 37(1980) - Année 48(1991)</subfield>
	</datafield>
	<datafield ind1="8" ind2=" " tag="520">
		<subfield code="a">Analyse: Contient des informations sur la faune.</subfield>
		<subfield code="9">?</subfield>
	</datafield>
	<datafield ind1=" " ind2=" " tag="580">
		<subfield code="a">Fait suite à: Nature information</subfield>
	</datafield>
	<datafield ind1=" " ind2=" " tag="580">
		<subfield code="a">Contient: Le pêcheur suisse</subfield>
	</datafield>
	<datafield ind1=" " ind2="7" tag="650">
		<subfield code="a">Nature</subfield>
		<subfield code="2">rero</subfield>
	</datafield>
	<datafield ind1=" " ind2="7" tag="650">
		<subfield code="a">Pêche</subfield>
		<subfield code="2">rero</subfield>
	</datafield>
	<datafield ind1=" " ind2="7" tag="650">
		<subfield code="a">Chasse</subfield>
		<subfield code="2">rero</subfield>
	</datafield>
	<datafield ind1=" " ind2="7" tag="650">
		<subfield code="a">Mycologie</subfield>
		<subfield code="2">rero</subfield>
	</datafield>
	<datafield ind1=" " ind2="7" tag="651">
		<subfield code="a">Suisse</subfield>
		<subfield code="2">rero</subfield>
		<subfield code="0">(IDREF)027249654</subfield>
	</datafield>
	<datafield ind1=" " ind2="7" tag="655">
		<subfield code="a">[Périodiques]</subfield>
		<subfield code="2">rero</subfield>
	</datafield>
	<datafield ind1="1" ind2=" " tag="777">
		<subfield code="t">Pêcheur suisse = Der Schweizer Fischer = Il pescatore svizzero : revue technique et sportive de l'économie piscicole en Suisse : organe officiel de la Société suisse de pêche et pisciculture</subfield>
		<subfield code="w">REROILS:2000132</subfield>
	</datafield>
	<datafield ind1="1" ind2="0" tag="780">
		<subfield code="t">Nature Information : magazine mensuel groupant les revues Pêcheur et chasseur suisse, Bulletin romand de mycologie, Eau, air, santé</subfield>
		<subfield code="w">REROILS:2000119</subfield>
	</datafield>
	<datafield ind1=" " ind2=" " tag="900">
		<subfield code="a">noselfmerge</subfield>
	</datafield>
	<datafield ind1=" " ind2=" " tag="919">
		<subfield code="9">650 _7</subfield>
		<subfield code="a">nature</subfield>
		<subfield code="z">Suisse</subfield>
		<subfield code="v">[périodique]</subfield>
		<subfield code="2">chrero</subfield>
	</datafield>
	<datafield ind1=" " ind2=" " tag="919">
		<subfield code="9">650 _7</subfield>
		<subfield code="a">pêche</subfield>
		<subfield code="z">Suisse</subfield>
		<subfield code="v">[périodique]</subfield>
		<subfield code="2">chrero</subfield>
	</datafield>
	<datafield ind1=" " ind2=" " tag="919">
		<subfield code="9">650 _7</subfield>
		<subfield code="a">chasse</subfield>
		<subfield code="z">Suisse</subfield>
		<subfield code="v">[périodique]</subfield>
		<subfield code="2">chrero</subfield>
	</datafield>
	<datafield ind1=" " ind2=" " tag="919">
		<subfield code="9">650 _7</subfield>
		<subfield code="a">mycologie</subfield>
		<subfield code="z">Suisse</subfield>
		<subfield code="v">[périodique]</subfield>
		<subfield code="2">chrero</subfield>
	</datafield>
	<datafield ind1=" " ind2=" " tag="956">
		<subfield code="a">frbcuc</subfield>
	</datafield>
	<datafield ind1=" " ind2=" " tag="957">
		<subfield code="a">gevcjb gevmhn</subfield>
	</datafield>
	<datafield ind1=" " ind2=" " tag="962">
		<subfield code="a">nebpun necmhn</subfield>
	</datafield>
	<datafield ind1=" " ind2=" " tag="982">
		<subfield code="2">ge-vmhn</subfield>
		<subfield code="a">NOP 1 Sui 15b</subfield>
	</datafield>
	<datafield ind1=" " ind2=" " tag="982">
		<subfield code="2">ge-vmhn</subfield>
		<subfield code="a">BG 1 Sui 58</subfield>
	</datafield>
	<datafield ind1=" " ind2=" " tag="982">
		<subfield code="2">cdu-gevcjb</subfield>
		<subfield code="a">P(494)94</subfield>
	</datafield>
	<datafield ind1=" " ind2=" " tag="992">
		<subfield code="a">MHN NOP 383</subfield>
		<subfield code="x">ge/vmhn/x</subfield>
	</datafield>
	<datafield ind1=" " ind2=" " tag="992">
		<subfield code="a">MHN BG P 861</subfield>
		<subfield code="x">ge/vmhn/a</subfield>
	</datafield>
	<datafield ind1=" " ind2=" " tag="992">
		<subfield code="a">BOTP 2858</subfield>
		<subfield code="x">ge/vcjb/x</subfield>
	</datafield>
	<datafield ind1=" " ind2=" " tag="994">
		<subfield code="a">CMHN P 15</subfield>
		<subfield code="x">--</subfield>
	</datafield>
	<datafield ind1=" " ind2=" " tag="994">
		<subfield code="a">BPUN PU 1156</subfield>
		<subfield code="x">ne/bpun/d</subfield>
	</datafield>
</record>